2640 3816
53 2251 56 2258 ’
154 2254 346 2339 composuit,
376 2251 466 2335 operi
493 2251 578 2318 CUR
605 2252 719 2319 DEUS
750 2253 843 2320 ΗΟΜ

146 309 180 350 Vl
418 305 637 362 PRAEFATIO
657 303 846 361 EDITORIS.

149 477 249 544 irater
273 482 306 542 et
332 495 513 559 successor,
541 473 700 541 desiderio
722 474 898 559 Anglorum
926 473 1108 540 uehementi

151 561 353 629 satisfaciens
375 561 502 626 exulem
524 558 558 624 in
581 561 678 625 Italia
696 566 729 625 et
749 560 889 626 Francia
909 557 1109 624 demoratum

150 668 196 712 aa
210 648 293 712 1100
320 644 493 712 honorifice
524 644 696 714 revocavit.
749 644 793 708 At
828 643 914 710 haud
942 643 998 708 diu
1027 644 1109 710 haec

149 751 217 817 pax
242 730 338 797 stetit.
381 729 521 794 Decreta
548 729 632 794 enirn
663 728 790 794 concilii
816 730 937 794 Romae
965 749 993 792 a.
1025 729 1109 792 1100

150 816 315 900 celebrati,
349 814 434 897 quod
462 813 799 880 excommunicationis
827 813 1020 880 sententiam
1041 820 1109 877 tam

150 901 184 966 in
205 901 306 965 laicos
328 899 383 983 qui
404 897 609 963 investituras
630 899 838 964 ecclesiarum
860 897 989 977 darent,
1012 917 1108 980 quam

150 986 185 1051 in
212 985 344 1050 clericos
370 983 425 1065 qui
449 981 490 1048 de
517 983 665 1048 manibus
689 983 843 1049 laicorum
865 982 945 1050 istas
969 982 1110 1068 suscipe·

150 1075 229 1153 rent,
252 1068 486 1152 intorserat‚—
506 1067 673 1133 materiam
694 1088 849 1134 novarum
871 1068 1108 1135 contentionum

149 1154 366 1240 praebuerunt
400 1158 433 1217 et
468 1150 618 1217 rixarum.
675 1152 862 1235 Anselmus,
899 1153 1018 1238 quippe
1054 1151 1109 1234 qui

151 1258 261 1304 eorum
289 1236 409 1303 vindex
437 1236 592 1303 adversus
618 1237 821 1321 tyrannidem
843 1235 974 1304 Henrioi
1000 1256 1109 1302 exsur-

152 1343 229 1407 gere
250 1342 314 1388 non
335 1321 505 1404 dubitaret,
527 1341 556 1385 a.
578 1321 661 1386 1103
682 1321 797 1387 iterum
812 1322 932 1405 Anglia
953 1321 1111 1388 excedere

152 1411 281 1474 coactus
303 1413 362 1473 est.
399 1404 641 1471 Conditionibus
663 1412 770 1471 autem
792 1407 1021 1472 restaurandae
1037 1427 1109 1473 con-

153 1491 280 1559 cordiae
302 1489 447 1558 excussis
469 1496 501 1554 et
522 1489 577 1556 lite
599 1489 639 1555 de
661 1491 858 1577 presbyteris
879 1509 938 1575 per
957 1492 1110 1557 annulum
1152 1571 1153 1576 ἵ

152 1583 184 1642 et
211 1576 361 1644 baculum
390 1574 601 1641 investiendis
629 1595 759 1659 prorsus
786 1575 939 1658 diremta,
967 1597 996 1641 a.
1028 1577 1110 1640 1106

151 1659 338 1728 cathedram
359 1658 623 1726 Cantuaricnsem
644 1681 762 1744 magno
784 1660 880 1726 totius
926 1662 1014 1745 opuli
1033 1679 1111 1744 gau-

151 1746 205 1814 dio
226 1746 437 1832 recuperavit.
482 1743 604 1829 Spiritu
628 1744 734 1832 fortis,
767 1765 863 1812 carne
905 1746 1017 1830 ragilis
1039 1745 1111 1812 illu·

152 1837 299 1899 eesoente
327 1849 441 1896 aurora
469 1837 602 1912 quartae
628 1830 728 1898 feriae
758 1830 915 1897 solemnia
943 1829 1114 1915 paschalia

151 1918 191 1983 A.
212 1918 252 1981 D.
275 1917 300 1980 Ι.
326 1915 408 1979 1109
428 1914 650 1999 praecedentis
672 1917 706 1980 in
726 1935 809 2000 pace
834 1913 921 1980 obiit.

214 2002 303 2065 Inter
340 2018 450 2064 omnes
491 1997 602 2083 libros,
639 2020 718 2083 quos
761 2000 793 2064 S.
829 1999 999 2064 Anselmus
1036 1995 1113 2062 fidei

76 2091 79 2098 '
152 2084 346 2151 christianae
365 2082 521 2167 mysteria
541 2089 760 2167 perscrutatus
776 2083 969 2166 divinaeque
984 2082 1112 2166 sapien-

151 2171 218 2236 tiae
253 2166 412 2234 thesauris
447 2166 610 2234 demersus
642 2168 781 2240 mirabili
812 2167 935 2319 ingenii
965 2167 1112 2232 acumine

888 2251 991 2320 ¹inseri
1015 2259 1047 2317 to
1069 2288 1112 2298 -

153 2339 223 2406 sive
244 2336 458 2421 theologicam
479 2336 548 2404 eius
563 2337 754 2423 dignitatem
774 2273 1020 2424 perpendamuh
1043 2337 1111 2403 sive

175 2431 307 2490 uantum
329 2421 480 2488 momenti
502 2422 544 2488 ad
565 2424 819 2490 ecclesiasticum
832 2424 873 2489 de
892 2422 1112 2489 satisfactione

153 2445 272 2592 iogma
297 2506 556 2575 conformandum
579 2509 726 2574 habuerit
754 2509 963 2595 respiciamus
984 2543 1028 2553 -—
1048 2505 1111 2592 pri·
1155 2577 1157 2584 ,

154 2613 224 2660 mas
255 2613 328 2661 esse
359 2591 570 2659 vindicandas
603 2601 713 2678 partes
748 2600 881 2661 constat
893 2591 920 2680 ¹)
969 2594 1019 2658 De
1048 2611 1113 2676 quo

226 2835 250 2894 1)
270 2828 326 2884 Ost.
349 2832 379 2887 0.
398 2831 538 2898 Sedunum,
554 2832 599 2886 De
616 2829 804 2886 satisfactione
817 2829 919 2884 Christi
931 2828 967 2883 ab
979 2827 1113 2882 Anselmo

153 2897 349 2953 cantuariensi
362 2899 493 2970 exposita
525 2899 669 2980 Gryphiae
681 2905 755 2956 1841.
764 2931 798 2940 -
808 2901 899 2952 Harae
913 2899 931 2951 l.
946 2914 968 2951 c.
980 2895 1018 2964 H,
1031 2902 1055 2965 3,
1071 2901 1111 2951 12.

177 2971 245 3022 .485
265 2984 304 3038 sq.
323 2973 372 3024 601
390 2985 445 3038 sq.:
464 2967 550 3031 ,Ans
568 2973 605 3021 rst
624 2968 673 3023 der
689 2969 778 3038 Erste,
794 2967 914 3022 welcher
930 2965 990 3020 eine
1008 2964 1113 3036 cigent-

154 2985 229 3089 hehe
251 3036 371 3089 Theora'c
388 3035 438 3090 der
457 3008 644 3108 ianamung
667 3037 827 3108 ausgestellt
850 3035 906 3088 hat
941 3033 1009 3090 Und
1028 3032 1113 3087 sehon

153 3103 262 3159 hieraus
286 3103 407 3175 bagreiit
436 3103 496 3159 sich
526 3104 576 3160 der
599 3103 864 3160 ausserordeutliehe
889 3103 1027 3171 Erhfluaa,
1050 3101 1113 3155 wel·

154 3173 225 3228 chen
246 3189 346 3228 uasere
364 3172 467 3230 schrift
492 3171 545 3228 auf
569 3173 614 3228 die
695 3192 727 3230 aa
748 3173 886 3241 Folycacr't
903 3170 1041 3241 ausgeiibt
1056 3170 1112 3224 hat

154 3239 238 3298 Denn
254 3259 284 3298 es
301 3257 358 3296 war
381 3241 453 3296 doch
474 3259 533 3296 nun
556 3242 617 3298 cine
651 3251 709 3300 este
728 3241 861 3298 Gamala
881 3257 896 3293 c
912 3238 1053 3310 gegeben,
1076 3256 1114 3294 an

155 3307 201 3364 die
225 3311 280 3366 alle
302 3311 416 3366 weitern
438 3309 664 3382 Theologumena
687 3313 756 3368 iiber
780 3310 836 3364 den
861 3259 1041 3379 hegenstand
1065 3325 1113 3363 an·

154 3375 279 3450 kntipfen
304 3379 437 3436 honnten.
459 3409 495 3422 -
519 3381 557 3436 So
582 3380 646 3436 weit
670 3379 729 3435 sich
751 3395 807 3432 von
830 3375 920 3432 einem
944 3379 1059 3446 Douma
1083 3377 1114 3431 in
