2640 3816
408 303 486 364 emt
502 303 606 362 nnus
621 303 740 362 nouo,
775 303 861 360 ιιι.
1044 303 1087 372 35
1296 385 1298 388 ¹

177 482 238 534 tote
255 477 286 532 in
305 475 362 532 illis
381 474 456 531 victe
476 479 531 545 est,
549 478 582 530 ut
596 478 728 545 peccaret
747 475 872 546 (excepto
890 472 940 528 illo
959 472 1018 529 solo
1037 473 1086 531 ho·

178 563 268 633 mine,
292 579 375 635 quem
392 559 470 616 Deus
489 560 563 615 sicut
590 559 673 616 scivit
691 559 751 616 sine
774 559 827 614 viri
844 559 948 614 semine
967 559 1004 615 de
1020 559 1087 616 Vir-

178 650 244 720 gine
267 648 375 717 fecere,
399 644 440 700 sic
465 645 547 702 scivit
569 662 588 702 e
609 651 726 718 peccato
749 645 831 701 Adeo
855 646 1022 715 secernere),
1046 644 1087 700 ite

178 733 208 788 in
226 731 331 788 endem
348 736 409 788 tote
424 730 548 801 vicisset,
571 730 666 786 sinon
686 735 858 803 peccassent.
892 729 992 786 Restat
1009 747 1085 804 ergo,
1104 726 1136 778 ³9

179 823 211 874 ιιι
237 834 293 872 non
322 816 461 888 complete
477 817 513 872 in
534 815 583 872 illo
607 817 698 887 primo
719 833 834 872 numero
858 817 1020 888 angelorum
1041 834 1086 872 su-

177 920 267 975 perne
282 901 381 958 civitas
396 903 446 958 sed
458 903 493 958 dc
509 900 668 958 hominibus
688 902 854 973 complenda
865 901 951 960 fuisse
969 901 1086 958 dicetur.

181 988 258 1054 Quae
277 990 301 1043 si
318 994 381 1044 rete
397 994 470 1057 sunt,
489 986 584 1059 plures
602 992 684 1042 erunt
701 987 783 1042 electi
798 987 923 1044 homines
935 1003 1019 1060 quern
1031 986 1088 1043 sint

179 1074 291 1147 reprobi
313 1073 416 1146 angeli.
451 1073 521 1127 Boo.
550 1070 740 1128 Rationabilin
763 1071 832 1128 mihi
856 1070 938 1128 valde
958 1071 1087 1128 uidentur
1105 1071 1138 1122 40

180 1177 252 1232 quee
282 1159 368 1230 dicis3
396 1158 447 1214 sed
474 1156 542 1230 quid
570 1155 709 1225 dicemus,
734 1156 801 1227 quie
825 1157 927 1228 legitur
953 1156 988 1215 de
1009 1155 1087 1212 Deo:

180 1246 322 1300 emutuit
345 1245 478 1300 terminos
497 1243 673 1314 popularem
699 1241 777 1296 iente
798 1260 942 1298 nemetum
959 1242 1089 1312 filiorum

180 1331 323 1398 Ionem)
359 1329 440 1395 Quod
462 1329 583 1400 quidam,
604 1325 671 1399 quie
686 1344 738 1399 pro
749 1329 878 1398 filiorum
900 1327 995 1382 Ioroel
1014 1326 1090 1398 inve·

181 1416 257 1472 nitur
274 1416 438 1484 anpelorom
458 1415 558 1482 Dete)
580 1413 621 1468 sic
640 1420 794 1485 exponunt,
820 1419 853 1470 ut
868 1413 1021 1470 secundum
1038 1430 1089 1470 nu·

180 1518 288 1558 merum
310 1500 446 1557 bonorum
466 1500 629 1572 angelorum
647 1501 831 1556 assumendus
850 1500 1023 1572 intelligetur
1033 1515 1089 1578 inu·

181 1603 273 1642 merus
300 1587 450 1642 electorum
477 1584 628 1640 hominum.
677 1586 747 1640 Aut.
780 1585 844 1640 Hoc
871 1604 928 1642 non
952 1589 1092 1657 repugnet
1108 1591 1140 1642 41

181 1671 342 1742 praedictae
359 1668 528 1738 sententiae,
558 1669 582 1722 si
601 1673 707 1724 certum
724 1685 781 1724 non
798 1675 855 1739 est,
881 1671 957 1743 quod
973 1670 1091 1726 totidem

181 1756 277 1827 angeli
303 1755 471 1812 cecidissent
502 1760 571 1825 quot
600 1760 801 1810 remanserunt
847 1754 920 1812 Nam
946 1755 970 1808 si
996 1754 1090 1826 plures

183 1848 250 1896 sunt
269 1839 363 1912 rugeli
382 1839 463 1896 electi
481 1855 566 1909 quam
584 1839 704 1911 reprobi,
723 1844 753 1896 et
769 1855 881 1896 necesse
900 1845 943 1896 est
954 1844 986 1896 ut
997 1855 1091 1911 repro·

182 1927 234 1983 bos
252 1926 335 1982 electi
351 1923 476 1980 homines
501 1930 669 1994 restaurent,
697 1931 726 1981 et
749 1930 842 1995 potest
864 1924 925 1980 fieri
949 1932 983 1980 ιιι
997 1925 1092 1980 bento

182 2027 246 2066 rum
268 2025 383 2066 numero
407 2017 610 2082 coaequentur,
638 2010 731 2066 etsie
753 2009 848 2082 plures
871 2016 952 2068 erunt
967 2011 1091 2066 homines

183 2094 251 2150 iusti
270 2111 353 2166 quem
370 2095 466 2167 angeli
482 2095 587 2150 iniusti.
623 2093 679 2153 Sed
697 2097 871 2165 mementc,³)
890 2113 945 2168 quo
956 2103 1040 2169 pecto
1050 2096 1091 2152 in·
1109 2093 1143 2144 42

185 2180 247 2252 cepi
264 2185 330 2236 tuae
346 2181 515 2251 respondere
532 2180 703 2252 quaestioni3
727 2188 760 2236 ut
775 2181 906 2238 videlicet
924 2181 948 2236 si
966 2182 1033 2253 quid
1051 2181 1091 2238 di·

185 2281 259 2335 xero,
278 2265 354 2337 qued
371 2265 460 2320 maior
484 2283 541 2320 non
566 2265 710 2322 confirmet
727 2267 892 2336 auctoritas,
918 2268 1043 2338 quamvis
1061 2267 1092 2324 il-

185 2349 236 2408 lud
264 2349 372 2407 ratione
398 2351 518 2422 probare
540 2351 653 2421 videar,
679 2369 734 2406 non
757 2351 812 2406 alie
832 2352 999 2409 certitudine
1021 2353 1093 2408 ecci·

184 2435 295 2506 pietur,
321 2435 375 2490 nisi
398 2436 467 2508 quie
490 2435 600 2492 interim
627 2436 695 2491 mihi
712 2437 753 2492 ite
769 2436 893 2508 videtur,
920 2439 1008 2494 donec
1025 2437 1094 2493 nihi

184 2519 265 2576 Deus
283 2519 381 2575 melius
399 2521 492 2593 aliquo
511 2521 593 2578 modo
609 2523 723 2579 revelet.
758 2521 857 2578 Cernis
881 2523 955 2579 enim
972 2541 1044 2592 sum,
1070 2523 1094 2578 si
1110 2529 1144 2581 43

187 2603 256 2678 quid
275 2604 337 2661 dico
357 2607 433 2676 quod
457 2623 552 2663 sacrae
580 2608 735 2680 scripturae
744 2611 766 2678 ι)
792 2608 899 2680 ubsque
919 2607 1006 2664 dubio
1030 2623 1094 2664 con·

259 2879 455 2936 1.Deuteron
474 2883 517 2966 ³2,
534 2885 557 2938 8.

257 2880 286 3020 ζ
305 2945 405 3004 LXX
426 2946 495 3002 κατὰ
509 2920 639 3074 ἀριθμὸν
656 2948 820 3022 ἀγγέλων
836 2949 931 3004 θεοῦ.

190 3076 193 3082 ,
258 3017 381 3099 3)Vide
401 3033 434 3072 su
454 3033 487 3072 re
504 3023 570 3098 c2,

260 3086 404 3158 4,),81ιιιι
451 3103 500 3142 eus
518 3085 548 3141 in
562 3059 701 3158 principio
719 3103 770 3168 per
782 3084 946 3141 miraculum
962 3084 1097 3141 fecitfrn·

193 3089 510 3280 innocuos
521 3153 1099 3296 tenuerittcnuerit

193 3292 357 3351 mirabiliter
384 3293 453 3350 fecit
475 3293 561 3350 eorde
602 3266 780 3366 rophetarum
797 3299 825 3349 et
842 3309 859 3347 ιι
879 3292 1029 3347 ostclorum
1045 3305 1099 3346 nec

112 3357 117 3367 '
192 3378 250 3418 non
276 3367 305 3420 et
329 3361 562 3434 evangelistarum
581 3311 722 3421 foecunde
745 3362 862 3420 selntnn
880 3377 914 3418 us
932 3358 1097 3416 seminibus.

908 3445 947 3502 3*
