<?xml version="1.0" encoding="UTF-8"?>
<!DOCTYPE html PUBLIC "-//W3C//DTD XHTML 1.0 Transitional//EN"
    "http://www.w3.org/TR/xhtml1/DTD/xhtml1-transitional.dtd">
<html xmlns="http://www.w3.org/1999/xhtml" xml:lang="en" lang="en">
 <head>
  <title>
</title>
<meta http-equiv="Content-Type" content="text/html;charset=utf-8" />
  <meta name='ocr-system' content='tesseract 3.04.00' />
  <meta name='ocr-capabilities' content='ocr_page ocr_carea ocr_par ocr_line ocrx_word'/>
</head>
<body>
  <div class='ocr_page' id='page_1' title='image "./sanselmicantuar02laemgoog_0110.png"; bbox 0 0 2640 3816; ppageno 0'>
   <div class='ocr_carea' id='block_1_1' title="bbox 229 303 1108 404">
    <p class='ocr_par' dir='ltr' id='par_1_1' title="bbox 229 303 1108 404">
     <span class='ocr_line' id='line_1_1' title="bbox 229 303 1108 404; baseline 0 -13"><span class='ocrx_word' id='word_1_1' title='bbox 229 303 230 308; x_wconf 49' lang='lat'>‘</span> <span class='ocrx_word' id='word_1_2' title='bbox 291 340 298 352; x_wconf 12' lang='grc' dir='ltr'>’Ν</span> <span class='ocrx_word' id='word_1_3' title='bbox 391 333 468 393; x_wconf 82' lang='lat' dir='ltr'>eus</span> <span class='ocrx_word' id='word_1_4' title='bbox 485 333 584 392; x_wconf 84' lang='lat' dir='ltr'>naus</span> <span class='ocrx_word' id='word_1_5' title='bbox 602 333 719 393; x_wconf 81' lang='lat' dir='ltr'>nono.</span> <span class='ocrx_word' id='word_1_6' title='bbox 754 335 791 391; x_wconf 85' lang='lat'>11.</span> <span class='ocrx_word' id='word_1_7' title='bbox 813 341 850 393; x_wconf 78' lang='grc' dir='ltr'>ιτ.</span> <span class='ocrx_word' id='word_1_8' title='bbox 870 339 910 390; x_wconf 89' lang='lat' dir='ltr'>1s.</span> <span class='ocrx_word' id='word_1_9' title='bbox 1066 335 1108 404; x_wconf 82' lang='lat'>85</span> 
     </span>
    </p>
   </div>
   <div class='ocr_carea' id='block_1_2' title="bbox 136 502 1142 1638">
    <p class='ocr_par' dir='ltr' id='par_1_2' title="bbox 136 502 1142 1638">
     <span class='ocr_line' id='line_1_2' title="bbox 286 502 1139 613; baseline 0.002 -19"><span class='ocrx_word' id='word_1_10' title='bbox 286 502 353 594; x_wconf 65' lang='lat'>18·</span> <span class='ocrx_word' id='word_1_11' title='bbox 404 543 475 599; x_wconf 79' lang='lat' dir='ltr'>Ans.</span> <span class='ocrx_word' id='word_1_12' title='bbox 501 541 530 598; x_wconf 83' lang='lat' dir='ltr'>si</span> <span class='ocrx_word' id='word_1_13' title='bbox 540 543 558 608; x_wconf 90' lang='lat'>¹)</span> <span class='ocrx_word' id='word_1_14' title='bbox 575 547 689 613; x_wconf 87' lang='lat' dir='ltr'>propter</span> <span class='ocrx_word' id='word_1_15' title='bbox 713 539 847 596; x_wconf 89' lang='lat' dir='ltr'>iustitiam</span> <span class='ocrx_word' id='word_1_16' title='bbox 871 555 901 593; x_wconf 89' lang='lat' dir='ltr'>se</span> <span class='ocrx_word' id='word_1_17' title='bbox 921 537 1045 610; x_wconf 79' lang='lat' dir='ltr'><strong>permisit</strong></span> <span class='ocrx_word' id='word_1_18' title='bbox 1063 537 1139 596; x_wconf 73' lang='lat' dir='ltr'>ool</span> 
     </span>
     <span class='ocr_line' id='line_1_3' title="bbox 184 623 1141 696; baseline -0.004 -16"><span class='ocrx_word' id='word_1_19' title='bbox 184 625 282 696; x_wconf 86' lang='lat' dir='ltr'>¹eidi,</span> <span class='ocrx_word' id='word_1_20' title='bbox 309 644 399 684; x_wconf 88' lang='lat' dir='ltr'>nonne</span> <span class='ocrx_word' id='word_1_21' title='bbox 417 629 454 684; x_wconf 85' lang='lat' dir='ltr'>ad</span> <span class='ocrx_word' id='word_1_22' title='bbox 471 628 601 686; x_wconf 89' lang='lat' dir='ltr'>bonorem</span> <span class='ocrx_word' id='word_1_23' title='bbox 623 625 677 682; x_wconf 89' lang='lat' dir='ltr'>Dei</span> <span class='ocrx_word' id='word_1_24' title='bbox 700 627 785 682; x_wconf 80' lang='lat' dir='ltr'>vitam</span> <span class='ocrx_word' id='word_1_25' title='bbox 809 640 888 680; x_wconf 86' lang='lat' dir='ltr'>suam</span> <span class='ocrx_word' id='word_1_26' title='bbox 911 623 1005 680; x_wconf 80' lang='lat' dir='ltr'><strong>dedit?</strong></span> <span class='ocrx_word' id='word_1_27' title='bbox 1040 623 1141 682; x_wconf 63' lang='grc' dir='ltr'>ΒΜ</span> 
     </span>
     <span class='ocr_line' id='line_1_4' title="bbox 211 707 1108 784; baseline 0 -18"><span class='ocrx_word' id='word_1_28' title='bbox 211 707 241 766; x_wconf 83' lang='lat' dir='ltr'>Si</span> <span class='ocrx_word' id='word_1_29' title='bbox 261 729 372 782; x_wconf 86' lang='lat' dir='ltr'>possum</span> <span class='ocrx_word' id='word_1_30' title='bbox 389 713 544 784; x_wconf 87' lang='lat' dir='ltr'>intelligere</span> <span class='ocrx_word' id='word_1_31' title='bbox 562 712 636 784; x_wconf 88' lang='lat' dir='ltr'>quod</span> <span class='ocrx_word' id='word_1_32' title='bbox 654 729 710 769; x_wconf 90' lang='lat' dir='ltr'>non</span> <span class='ocrx_word' id='word_1_33' title='bbox 727 709 833 780; x_wconf 91' lang='lat' dir='ltr'>dubito,</span> <span class='ocrx_word' id='word_1_34' title='bbox 853 710 977 782; x_wconf 88' lang='lat' dir='ltr'>quamvis</span> <span class='ocrx_word' id='word_1_35' title='bbox 996 727 1053 766; x_wconf 89' lang='lat' dir='ltr'>non</span> <span class='ocrx_word' id='word_1_36' title='bbox 1070 711 1108 766; x_wconf 83' lang='lat' dir='ltr'>vi-</span> 
     </span>
     <span class='ocr_line' id='line_1_5' title="bbox 211 795 1109 869; baseline 0.002 -19"><span class='ocrx_word' id='word_1_37' title='bbox 211 795 293 851; x_wconf 88' lang='lat' dir='ltr'>deam</span> <span class='ocrx_word' id='word_1_38' title='bbox 311 798 448 869; x_wconf 90' lang='lat' dir='ltr'>quomodo</span> <span class='ocrx_word' id='word_1_39' title='bbox 470 795 670 852; x_wconf 78' lang='lat' dir='ltr'>rationabiliter</span> <span class='ocrx_word' id='word_1_40' title='bbox 691 796 743 852; x_wconf 88' lang='lat' dir='ltr'>hoo</span> <span class='ocrx_word' id='word_1_41' title='bbox 762 795 873 866; x_wconf 86' lang='lat' dir='ltr'>feeerit;</span> <span class='ocrx_word' id='word_1_42' title='bbox 895 801 1003 851; x_wconf 89' lang='lat' dir='ltr'>etcum</span> <span class='ocrx_word' id='word_1_43' title='bbox 1022 801 1051 852; x_wconf 92' lang='lat' dir='ltr'>et</span> <span class='ocrx_word' id='word_1_44' title='bbox 1069 797 1109 852; x_wconf 91' lang='lat' dir='ltr'>iu·</span> 
     </span>
     <span class='ocr_line' id='line_1_6' title="bbox 210 880 1110 942; baseline 0.004 -8"><span class='ocrx_word' id='word_1_45' title='bbox 210 880 314 938; x_wconf 81' lang='lat' dir='ltr'>stitiam</span> <span class='ocrx_word' id='word_1_46' title='bbox 330 882 562 940; x_wconf 81' lang='lat' dir='ltr'>indeclinabiliter</span> <span class='ocrx_word' id='word_1_47' title='bbox 578 887 606 936; x_wconf 87' lang='lat' dir='ltr'>et</span> <span class='ocrx_word' id='word_1_48' title='bbox 621 880 708 936; x_wconf 84' lang='lat' dir='ltr'>vitem</span> <span class='ocrx_word' id='word_1_49' title='bbox 722 897 801 936; x_wconf 89' lang='lat' dir='ltr'>suam</span> <span class='ocrx_word' id='word_1_50' title='bbox 813 881 989 942; x_wconf 78' lang='lat' dir='ltr'>aeternaliter</span> <span class='ocrx_word' id='word_1_51' title='bbox 1000 898 1110 938; x_wconf 70' lang='lat' dir='ltr'>servare</span> 
     </span>
     <span class='ocr_line' id='line_1_7' title="bbox 210 966 1110 1038; baseline 0.006 -17"><span class='ocrx_word' id='word_1_52' title='bbox 210 967 345 1038; x_wconf 87' lang='lat' dir='ltr'>potuerit,</span> <span class='ocrx_word' id='word_1_53' title='bbox 370 967 480 1025; x_wconf 87' lang='lat' dir='ltr'>fatebor</span> <span class='ocrx_word' id='word_1_54' title='bbox 497 967 576 1022; x_wconf 92' lang='lat' dir='ltr'>illum</span> <span class='ocrx_word' id='word_1_55' title='bbox 593 966 650 1022; x_wconf 81' lang='lat' dir='ltr'>tale</span> <span class='ocrx_word' id='word_1_56' title='bbox 667 966 735 1038; x_wconf 86' lang='lat' dir='ltr'>quid</span> <span class='ocrx_word' id='word_1_57' title='bbox 752 971 851 1037; x_wconf 87' lang='lat' dir='ltr'>sponte</span> <span class='ocrx_word' id='word_1_58' title='bbox 867 967 976 1026; x_wconf 78' lang='lat' dir='ltr'>dedisse</span> <span class='ocrx_word' id='word_1_59' title='bbox 992 968 1054 1028; x_wconf 86' lang='lat' dir='ltr'>Deo</span> <span class='ocrx_word' id='word_1_60' title='bbox 1073 969 1110 1026; x_wconf 85' lang='lat' dir='ltr'>ad</span> 
     </span>
     <span class='ocr_line' id='line_1_8' title="bbox 136 1050 1109 1123; baseline 0.004 -17"><span class='ocrx_word' id='word_1_61' title='bbox 136 1089 139 1100; x_wconf 72' lang='lat'>‚</span> <span class='ocrx_word' id='word_1_62' title='bbox 210 1050 342 1110; x_wconf 85' lang='lat' dir='ltr'>honorem</span> <span class='ocrx_word' id='word_1_63' title='bbox 358 1053 447 1121; x_wconf 88' lang='lat' dir='ltr'>illins,</span> <span class='ocrx_word' id='word_1_64' title='bbox 469 1053 515 1108; x_wconf 89' lang='lat' dir='ltr'>cui</span> <span class='ocrx_word' id='word_1_65' title='bbox 542 1051 673 1123; x_wconf 87' lang='lat' dir='ltr'>quicquid</span> <span class='ocrx_word' id='word_1_66' title='bbox 700 1051 775 1122; x_wconf 89' lang='lat' dir='ltr'>quod</span> <span class='ocrx_word' id='word_1_67' title='bbox 790 1050 868 1108; x_wconf 87' lang='lat' dir='ltr'>Deus</span> <span class='ocrx_word' id='word_1_68' title='bbox 893 1071 949 1108; x_wconf 90' lang='lat' dir='ltr'>non</span> <span class='ocrx_word' id='word_1_69' title='bbox 971 1059 1014 1110; x_wconf 88' lang='lat' dir='ltr'>est</span> <span class='ocrx_word' id='word_1_70' title='bbox 1036 1071 1109 1115; x_wconf 85' lang='lat' dir='ltr'>com·</span> 
     </span>
     <span class='ocr_line' id='line_1_9' title="bbox 209 1135 1109 1210; baseline 0.004 -18"><span class='ocrx_word' id='word_1_71' title='bbox 209 1138 303 1210; x_wconf 85' lang='lat' dir='ltr'>parari</span> <span class='ocrx_word' id='word_1_72' title='bbox 320 1156 376 1193; x_wconf 92' lang='lat' dir='ltr'>non</span> <span class='ocrx_word' id='word_1_73' title='bbox 391 1143 498 1210; x_wconf 85' lang='lat' dir='ltr'>potest,</span> <span class='ocrx_word' id='word_1_74' title='bbox 522 1143 550 1192; x_wconf 88' lang='lat' dir='ltr'>ct</span> <span class='ocrx_word' id='word_1_75' title='bbox 574 1135 649 1210; x_wconf 88' lang='lat' dir='ltr'>quod</span> <span class='ocrx_word' id='word_1_76' title='bbox 671 1152 722 1206; x_wconf 89' lang='lat' dir='ltr'>pro</span> <span class='ocrx_word' id='word_1_77' title='bbox 739 1136 865 1210; x_wconf 80' lang='lat' dir='ltr'>omnibus</span> <span class='ocrx_word' id='word_1_78' title='bbox 884 1140 1006 1196; x_wconf 86' lang='lat' dir='ltr'>omnium</span> <span class='ocrx_word' id='word_1_79' title='bbox 1024 1140 1109 1198; x_wconf 90' lang='lat' dir='ltr'>bomi-</span> 
     </span>
     <span class='ocr_line' id='line_1_10' title="bbox 209 1222 1142 1293; baseline 0.004 -16"><span class='ocrx_word' id='word_1_80' title='bbox 209 1239 276 1278; x_wconf 88' lang='lat' dir='ltr'>num</span> <span class='ocrx_word' id='word_1_81' title='bbox 295 1223 395 1280; x_wconf 88' lang='lat' dir='ltr'>debitis</span> <span class='ocrx_word' id='word_1_82' title='bbox 419 1223 622 1293; x_wconf 80' lang='lat' dir='ltr'>recompensari</span> <span class='ocrx_word' id='word_1_83' title='bbox 636 1227 736 1292; x_wconf 83' lang='lat' dir='ltr'>potest</span> <span class='ocrx_word' id='word_1_84' title='bbox 771 1223 838 1278; x_wconf 78' lang='lat' dir='ltr'>Ans.</span> <span class='ocrx_word' id='word_1_85' title='bbox 873 1222 920 1278; x_wconf 90' lang='lat' dir='ltr'>An</span> <span class='ocrx_word' id='word_1_86' title='bbox 937 1241 994 1280; x_wconf 89' lang='lat' dir='ltr'>non</span> <span class='ocrx_word' id='word_1_87' title='bbox 1011 1225 1142 1284; x_wconf 84' lang='lat' dir='ltr'>intelli-3</span> 
     </span>
     <span class='ocr_line' id='line_1_11' title="bbox 209 1307 1111 1380; baseline 0.01 -21"><span class='ocrx_word' id='word_1_88' title='bbox 209 1307 268 1378; x_wconf 78' lang='lat' dir='ltr'>gis,</span> <span class='ocrx_word' id='word_1_89' title='bbox 293 1308 360 1380; x_wconf 85' lang='lat' dir='ltr'>quia</span> <span class='ocrx_word' id='word_1_90' title='bbox 381 1326 444 1365; x_wconf 86' lang='lat' dir='ltr'>cum</span> <span class='ocrx_word' id='word_1_91' title='bbox 469 1308 583 1364; x_wconf 86' lang='lat' dir='ltr'>iniurias</span> <span class='ocrx_word' id='word_1_92' title='bbox 603 1314 632 1363; x_wconf 89' lang='lat' dir='ltr'>et</span> <span class='ocrx_word' id='word_1_93' title='bbox 651 1307 830 1364; x_wconf 83' lang='lat' dir='ltr'>contumeliae</span> <span class='ocrx_word' id='word_1_94' title='bbox 847 1314 876 1364; x_wconf 91' lang='lat' dir='ltr'>et</span> <span class='ocrx_word' id='word_1_95' title='bbox 892 1316 1007 1373; x_wconf 84' lang='lat' dir='ltr'>mortem</span> <span class='ocrx_word' id='word_1_96' title='bbox 1022 1310 1111 1368; x_wconf 83' lang='lat' dir='ltr'>crucis</span> 
     </span>
     <span class='ocr_line' id='line_1_12' title="bbox 211 1391 1111 1467; baseline 0.009 -23"><span class='ocrx_word' id='word_1_97' title='bbox 211 1406 275 1444; x_wconf 89' lang='lat' dir='ltr'>oum</span> <span class='ocrx_word' id='word_1_98' title='bbox 292 1392 445 1450; x_wconf 77' lang='lat' dir='ltr'>latronibus</span> <span class='ocrx_word' id='word_1_99' title='bbox 471 1393 524 1450; x_wconf 90' lang='lat' dir='ltr'>sibi</span> <span class='ocrx_word' id='word_1_100' title='bbox 547 1391 631 1462; x_wconf 88' lang='lat' dir='ltr'>(sicut</span> <span class='ocrx_word' id='word_1_101' title='bbox 647 1398 758 1463; x_wconf 78' lang='lat' dir='ltr'>snpra2)</span> <span class='ocrx_word' id='word_1_102' title='bbox 778 1393 907 1465; x_wconf 80' lang='lat' dir='ltr'>diximus)</span> <span class='ocrx_word' id='word_1_103' title='bbox 924 1401 1038 1467; x_wconf 84' lang='lat' dir='ltr'>propter</span> <span class='ocrx_word' id='word_1_104' title='bbox 1056 1395 1111 1452; x_wconf 86' lang='lat' dir='ltr'>ius·</span> 
     </span>
     <span class='ocr_line' id='line_1_13' title="bbox 209 1476 1111 1552; baseline 0.007 -21"><span class='ocrx_word' id='word_1_105' title='bbox 209 1476 301 1534; x_wconf 87' lang='lat' dir='ltr'>titiam</span> <span class='ocrx_word' id='word_1_106' title='bbox 325 1497 408 1552; x_wconf 88' lang='lat' dir='ltr'>quam</span> <span class='ocrx_word' id='word_1_107' title='bbox 430 1479 743 1549; x_wconf 77' lang='lat' dir='ltr'>obedienterservabat,</span> <span class='ocrx_word' id='word_1_108' title='bbox 757 1479 850 1536; x_wconf 89' lang='lat' dir='ltr'>illatas</span> <span class='ocrx_word' id='word_1_109' title='bbox 867 1481 989 1552; x_wconf 83' lang='lat' dir='ltr'>benigna</span> <span class='ocrx_word' id='word_1_110' title='bbox 1004 1481 1111 1552; x_wconf 83' lang='lat' dir='ltr'>patien-</span> 
     </span>
     <span class='ocr_line' id='line_1_14' title="bbox 210 1561 1110 1638; baseline 0.01 -23"><span class='ocrx_word' id='word_1_111' title='bbox 210 1561 251 1618; x_wconf 91' lang='lat' dir='ltr'>tia</span> <span class='ocrx_word' id='word_1_112' title='bbox 281 1565 424 1635; x_wconf 86' lang='lat' dir='ltr'>sustinuit;</span> <span class='ocrx_word' id='word_1_113' title='bbox 462 1564 617 1635; x_wconf 87' lang='lat' dir='ltr'>exemplum</span> <span class='ocrx_word' id='word_1_114' title='bbox 653 1564 731 1620; x_wconf 89' lang='lat' dir='ltr'>dedit</span> <span class='ocrx_word' id='word_1_115' title='bbox 768 1565 938 1636; x_wconf 89' lang='lat' dir='ltr'>hominibus,</span> <span class='ocrx_word' id='word_1_116' title='bbox 973 1573 1110 1638; x_wconf 58' lang='lat' dir='ltr'>quam</span> 
     </span>
    </p>
   </div>
   <div class='ocr_carea' id='block_1_3' title="bbox 210 1650 1223 1722">
    <p class='ocr_par' dir='ltr' id='par_1_3' title="bbox 210 1650 1223 1722">
     <span class='ocr_line' id='line_1_15' title="bbox 210 1650 1223 1722; baseline 0.009 -18"><span class='ocrx_word' id='word_1_117' title='bbox 210 1655 325 1720; x_wconf 89' lang='lat' dir='ltr'>propter</span> <span class='ocrx_word' id='word_1_118' title='bbox 346 1652 423 1706; x_wconf 87' lang='lat' dir='ltr'>nulla</span> <span class='ocrx_word' id='word_1_119' title='bbox 447 1650 620 1706; x_wconf 88' lang='lat' dir='ltr'>incommoda</span> <span class='ocrx_word' id='word_1_120' title='bbox 645 1665 717 1721; x_wconf 85' lang='lat' dir='ltr'>quae</span> <span class='ocrx_word' id='word_1_121' title='bbox 744 1650 846 1706; x_wconf 88' lang='lat' dir='ltr'>sentire</span> <span class='ocrx_word' id='word_1_122' title='bbox 868 1659 999 1722; x_wconf 79' lang='lat' dir='ltr'>possunt,</span> <span class='ocrx_word' id='word_1_123' title='bbox 1026 1670 1045 1709; x_wconf 83' lang='lat' dir='ltr'>a</span> <span class='ocrx_word' id='word_1_124' title='bbox 1070 1654 1111 1713; x_wconf 89' lang='lat' dir='ltr'>iu·</span> <span class='ocrx_word' id='word_1_125' title='bbox 1221 1651 1223 1656; x_wconf 77' lang='grc'><strong>’</strong></span> 
     </span>
    </p>
   </div>
   <div class='ocr_carea' id='block_1_4' title="bbox 191 1734 1200 3174">
    <p class='ocr_par' dir='ltr' id='par_1_4' title="bbox 191 1734 1200 3174">
     <span class='ocr_line' id='line_1_16' title="bbox 211 1734 1111 1808; baseline 0.01 -20"><span class='ocrx_word' id='word_1_126' title='bbox 211 1734 287 1790; x_wconf 87' lang='lat' dir='ltr'>stitia</span> <span class='ocrx_word' id='word_1_127' title='bbox 300 1753 383 1806; x_wconf 85' lang='lat' dir='ltr'>quam</span> <span class='ocrx_word' id='word_1_128' title='bbox 396 1736 456 1791; x_wconf 90' lang='lat' dir='ltr'>Deo</span> <span class='ocrx_word' id='word_1_129' title='bbox 471 1735 580 1805; x_wconf 66' lang='lat' dir='ltr'>debent,</span> <span class='ocrx_word' id='word_1_130' title='bbox 598 1735 753 1805; x_wconf 86' lang='lat' dir='ltr'>declinent;</span> <span class='ocrx_word' id='word_1_131' title='bbox 774 1736 849 1806; x_wconf 78' lang='lat' dir='ltr'>qaod</span> <span class='ocrx_word' id='word_1_132' title='bbox 860 1736 971 1794; x_wconf 86' lang='lat' dir='ltr'>minime</span> <span class='ocrx_word' id='word_1_133' title='bbox 983 1738 1111 1808; x_wconf 71' lang='lat' dir='ltr'>dedisset,</span> 
     </span>
     <span class='ocr_line' id='line_1_17' title="bbox 211 1820 1112 1896; baseline 0.007 -22"><span class='ocrx_word' id='word_1_134' title='bbox 211 1820 235 1874; x_wconf 90' lang='lat' dir='ltr'>si</span> <span class='ocrx_word' id='word_1_135' title='bbox 259 1821 411 1875; x_wconf 87' lang='lat' dir='ltr'>secundum</span> <span class='ocrx_word' id='word_1_136' title='bbox 436 1820 588 1896; x_wconf 86' lang='lat' dir='ltr'>potentiam</span> <span class='ocrx_word' id='word_1_137' title='bbox 617 1837 695 1876; x_wconf 87' lang='lat' dir='ltr'>suam</span> <span class='ocrx_word' id='word_1_138' title='bbox 727 1826 842 1878; x_wconf 89' lang='lat' dir='ltr'>mortem</span> <span class='ocrx_word' id='word_1_139' title='bbox 864 1839 915 1893; x_wconf 92' lang='lat' dir='ltr'>pro</span> <span class='ocrx_word' id='word_1_140' title='bbox 943 1823 993 1880; x_wconf 84' lang='lat' dir='ltr'>teli</span> <span class='ocrx_word' id='word_1_141' title='bbox 1026 1839 1112 1882; x_wconf 76' lang='lat' dir='ltr'>eausa</span> 
     </span>
     <span class='ocr_line' id='line_1_18' title="bbox 211 1900 1144 1977; baseline 0.005 -17"><span class='ocrx_word' id='word_1_142' title='bbox 211 1904 318 1962; x_wconf 85' lang='lat' dir='ltr'>illatam</span> <span class='ocrx_word' id='word_1_143' title='bbox 337 1905 520 1962; x_wconf 72' lang='lat' dir='ltr'>declinasset?</span> <span class='ocrx_word' id='word_1_144' title='bbox 556 1909 623 1962; x_wconf 86' lang='lat' dir='ltr'>Bos.</span> <span class='ocrx_word' id='word_1_145' title='bbox 650 1905 769 1961; x_wconf 89' lang='lat' dir='ltr'>Videtur</span> <span class='ocrx_word' id='word_1_146' title='bbox 795 1906 869 1977; x_wconf 90' lang='lat' dir='ltr'>quod</span> <span class='ocrx_word' id='word_1_147' title='bbox 886 1906 946 1977; x_wconf 89' lang='lat' dir='ltr'>ipse</span> <span class='ocrx_word' id='word_1_148' title='bbox 963 1908 1041 1970; x_wconf 81' lang='lat' dir='ltr'>nulla</span> <span class='ocrx_word' id='word_1_149' title='bbox 1057 1909 1110 1968; x_wconf 88' lang='lat' dir='ltr'>hoe</span> <span class='ocrx_word' id='word_1_150' title='bbox 1127 1900 1144 1951; x_wconf 85' lang='lat'>4</span> 
     </span>
     <span class='ocr_line' id='line_1_19' title="bbox 211 1991 1110 2066; baseline -0.003 -17"><span class='ocrx_word' id='word_1_151' title='bbox 211 1993 367 2066; x_wconf 87' lang='lat' dir='ltr'>exemplum</span> <span class='ocrx_word' id='word_1_152' title='bbox 390 1991 554 2048; x_wconf 87' lang='lat' dir='ltr'>necessitate</span> <span class='ocrx_word' id='word_1_153' title='bbox 580 1991 700 2061; x_wconf 84' lang='lat' dir='ltr'>dederit,</span> <span class='ocrx_word' id='word_1_154' title='bbox 722 1991 855 2062; x_wconf 79' lang='lat' dir='ltr'>quoniam</span> <span class='ocrx_word' id='word_1_155' title='bbox 881 1992 961 2046; x_wconf 88' lang='lat' dir='ltr'>multi</span> <span class='ocrx_word' id='word_1_156' title='bbox 979 1999 1044 2052; x_wconf 75' lang='lat' dir='ltr'>ante</span> <span class='ocrx_word' id='word_1_157' title='bbox 1063 1993 1110 2056; x_wconf 73' lang='lat' dir='ltr'>sd-</span> 
     </span>
     <span class='ocr_line' id='line_1_20' title="bbox 191 2076 1112 2152; baseline 0.002 -20"><span class='ocrx_word' id='word_1_158' title='bbox 191 2085 324 2141; x_wconf 72' lang='lat' dir='ltr'>,ventum</span> <span class='ocrx_word' id='word_1_159' title='bbox 353 2079 412 2134; x_wconf 86' lang='lat' dir='ltr'>eins</span> <span class='ocrx_word' id='word_1_160' title='bbox 442 2083 472 2132; x_wconf 93' lang='lat' dir='ltr'>et</span> <span class='ocrx_word' id='word_1_161' title='bbox 503 2076 621 2134; x_wconf 86' lang='lat' dir='ltr'>Ioannes</span> <span class='ocrx_word' id='word_1_162' title='bbox 650 2077 772 2148; x_wconf 81' lang='lat' dir='ltr'>baptista</span> <span class='ocrx_word' id='word_1_163' title='bbox 798 2082 861 2148; x_wconf 85' lang='lat' dir='ltr'>post</span> <span class='ocrx_word' id='word_1_164' title='bbox 880 2077 1028 2136; x_wconf 84' lang='lat' dir='ltr'>adventum</span> <span class='ocrx_word' id='word_1_165' title='bbox 1044 2084 1112 2152; x_wconf 72' lang='lat' dir='ltr'>ente</span> 
     </span>
     <span class='ocr_line' id='line_1_21' title="bbox 210 2161 1111 2234; baseline 0.011 -20"><span class='ocrx_word' id='word_1_166' title='bbox 210 2168 326 2218; x_wconf 89' lang='lat' dir='ltr'>mortem</span> <span class='ocrx_word' id='word_1_167' title='bbox 353 2163 427 2232; x_wconf 90' lang='lat' dir='ltr'>eius,</span> <span class='ocrx_word' id='word_1_168' title='bbox 453 2161 561 2218; x_wconf 79' lang='lat' dir='ltr'>fortiter</span> <span class='ocrx_word' id='word_1_169' title='bbox 586 2169 701 2218; x_wconf 86' lang='lat' dir='ltr'>mortem</span> <span class='ocrx_word' id='word_1_170' title='bbox 727 2180 778 2234; x_wconf 88' lang='lat' dir='ltr'>pro</span> <span class='ocrx_word' id='word_1_171' title='bbox 804 2163 920 2218; x_wconf 80' lang='lat' dir='ltr'>veritate</span> <span class='ocrx_word' id='word_1_172' title='bbox 946 2163 1111 2224; x_wconf 76' lang='lat' dir='ltr'>sustinentes</span> 
     </span>
     <span class='ocr_line' id='line_1_22' title="bbox 211 2244 1143 2306; baseline 0.009 -7"><span class='ocrx_word' id='word_1_173' title='bbox 211 2244 281 2300; x_wconf 89' lang='lat' dir='ltr'>illud</span> <span class='ocrx_word' id='word_1_174' title='bbox 304 2247 474 2304; x_wconf 85' lang='lat' dir='ltr'>sufficienter</span> <span class='ocrx_word' id='word_1_175' title='bbox 498 2247 608 2302; x_wconf 90' lang='lat' dir='ltr'>dedisse</span> <span class='ocrx_word' id='word_1_176' title='bbox 634 2252 793 2303; x_wconf 86' lang='lat' dir='ltr'>noscuntur.</span> <span class='ocrx_word' id='word_1_177' title='bbox 833 2249 903 2303; x_wconf 78' lang='lat' dir='ltr'>Ans.</span> <span class='ocrx_word' id='word_1_178' title='bbox 937 2248 1037 2305; x_wconf 80' lang='lat' dir='ltr'>Nullus</span> <span class='ocrx_word' id='word_1_179' title='bbox 1061 2244 1143 2306; x_wconf 80' lang='lat' dir='ltr'>uir-⁵</span> 
     </span>
     <span class='ocr_line' id='line_1_23' title="bbox 213 2330 1111 2405; baseline 0.011 -21"><span class='ocrx_word' id='word_1_180' title='bbox 213 2346 296 2400; x_wconf 84' lang='lat' dir='ltr'>quam</span> <span class='ocrx_word' id='word_1_181' title='bbox 325 2330 405 2386; x_wconf 83' lang='lat' dir='ltr'>horno</span> <span class='ocrx_word' id='word_1_182' title='bbox 436 2337 547 2401; x_wconf 88' lang='lat' dir='ltr'>praeter</span> <span class='ocrx_word' id='word_1_183' title='bbox 574 2331 653 2386; x_wconf 93' lang='lat' dir='ltr'>illum</span> <span class='ocrx_word' id='word_1_184' title='bbox 684 2332 825 2389; x_wconf 88' lang='lat' dir='ltr'>moriendo</span> <span class='ocrx_word' id='word_1_185' title='bbox 851 2333 912 2390; x_wconf 92' lang='lat' dir='ltr'>Deo</span> <span class='ocrx_word' id='word_1_186' title='bbox 936 2333 1013 2389; x_wconf 89' lang='lat' dir='ltr'>dedit</span> <span class='ocrx_word' id='word_1_187' title='bbox 1036 2335 1111 2405; x_wconf 82' lang='lat' dir='ltr'>quod</span> 
     </span>
     <span class='ocr_line' id='line_1_24' title="bbox 211 2414 1112 2488; baseline 0.008 -19"><span class='ocrx_word' id='word_1_188' title='bbox 211 2415 362 2486; x_wconf 85' lang='lat' dir='ltr'>aliquando</span> <span class='ocrx_word' id='word_1_189' title='bbox 388 2414 551 2472; x_wconf 87' lang='lat' dir='ltr'>necessitate</span> <span class='ocrx_word' id='word_1_190' title='bbox 576 2415 734 2487; x_wconf 87' lang='lat' dir='ltr'>perditurus</span> <span class='ocrx_word' id='word_1_191' title='bbox 759 2435 814 2474; x_wconf 92' lang='lat' dir='ltr'>non</span> <span class='ocrx_word' id='word_1_192' title='bbox 844 2425 918 2488; x_wconf 86' lang='lat' dir='ltr'>erat,</span> <span class='ocrx_word' id='word_1_193' title='bbox 951 2424 1001 2474; x_wconf 88' lang='lat' dir='ltr'>aut</span> <span class='ocrx_word' id='word_1_194' title='bbox 1029 2419 1112 2478; x_wconf 83' lang='lat' dir='ltr'>solvit</span> 
     </span>
     <span class='ocr_line' id='line_1_25' title="bbox 212 2499 1111 2577; baseline 0.01 -23"><span class='ocrx_word' id='word_1_195' title='bbox 212 2501 287 2572; x_wconf 89' lang='lat' dir='ltr'>quod</span> <span class='ocrx_word' id='word_1_196' title='bbox 304 2517 358 2554; x_wconf 92' lang='lat' dir='ltr'>non</span> <span class='ocrx_word' id='word_1_197' title='bbox 377 2499 504 2556; x_wconf 87' lang='lat' dir='ltr'>debebat</span> <span class='ocrx_word' id='word_1_198' title='bbox 539 2499 592 2556; x_wconf 93' lang='lat' dir='ltr'>Ille</span> <span class='ocrx_word' id='word_1_199' title='bbox 610 2517 675 2558; x_wconf 85' lang='lat' dir='ltr'>vero</span> <span class='ocrx_word' id='word_1_200' title='bbox 698 2509 796 2574; x_wconf 88' lang='lat' dir='ltr'>sponte</span> <span class='ocrx_word' id='word_1_201' title='bbox 812 2503 890 2558; x_wconf 89' lang='lat' dir='ltr'>Patri</span> <span class='ocrx_word' id='word_1_202' title='bbox 912 2502 1014 2560; x_wconf 75' lang='lat' dir='ltr'>chnut</span> <span class='ocrx_word' id='word_1_203' title='bbox 1036 2505 1111 2577; x_wconf 83' lang='lat' dir='ltr'>qued</span> 
     </span>
     <span class='ocr_line' id='line_1_26' title="bbox 211 2585 1200 2664; baseline 0.009 -24"><span class='ocrx_word' id='word_1_204' title='bbox 211 2585 289 2640; x_wconf 89' lang='lat' dir='ltr'>nulla</span> <span class='ocrx_word' id='word_1_205' title='bbox 306 2585 469 2641; x_wconf 83' lang='lat' dir='ltr'>necessitate</span> <span class='ocrx_word' id='word_1_206' title='bbox 486 2602 609 2658; x_wconf 84' lang='lat' dir='ltr'>unquam</span> <span class='ocrx_word' id='word_1_207' title='bbox 634 2586 782 2642; x_wconf 86' lang='lat' dir='ltr'>emissurus</span> <span class='ocrx_word' id='word_1_208' title='bbox 811 2593 886 2658; x_wconf 84' lang='lat' dir='ltr'>erat,</span> <span class='ocrx_word' id='word_1_209' title='bbox 912 2593 942 2644; x_wconf 86' lang='lat' dir='ltr'>et</span> <span class='ocrx_word' id='word_1_210' title='bbox 962 2589 1046 2645; x_wconf 83' lang='lat' dir='ltr'>solvit</span> <span class='ocrx_word' id='word_1_211' title='bbox 1060 2607 1112 2661; x_wconf 90' lang='lat' dir='ltr'>pro</span> <span class='ocrx_word' id='word_1_212' title='bbox 1187 2651 1200 2664; x_wconf 55' lang='grc'><strong>,</strong></span> 
     </span>
     <span class='ocr_line' id='line_1_27' title="bbox 211 2671 1144 2746; baseline 0.004 -21"><span class='ocrx_word' id='word_1_213' title='bbox 211 2671 402 2744; x_wconf 76' lang='lat' dir='ltr'>peccatoribus</span> <span class='ocrx_word' id='word_1_214' title='bbox 423 2671 497 2742; x_wconf 89' lang='lat' dir='ltr'>quod</span> <span class='ocrx_word' id='word_1_215' title='bbox 514 2688 565 2744; x_wconf 89' lang='lat' dir='ltr'>pro</span> <span class='ocrx_word' id='word_1_216' title='bbox 588 2687 620 2728; x_wconf 87' lang='lat' dir='ltr'>se</span> <span class='ocrx_word' id='word_1_217' title='bbox 636 2688 692 2726; x_wconf 92' lang='lat' dir='ltr'>non</span> <span class='ocrx_word' id='word_1_218' title='bbox 710 2671 838 2733; x_wconf 88' lang='lat' dir='ltr'>debebat.</span> <span class='ocrx_word' id='word_1_219' title='bbox 873 2672 1048 2746; x_wconf 81' lang='lat' dir='ltr'>Quapropter</span> <span class='ocrx_word' id='word_1_220' title='bbox 1064 2675 1111 2734; x_wconf 90' lang='lat' dir='ltr'>ille</span> <span class='ocrx_word' id='word_1_221' title='bbox 1128 2677 1144 2729; x_wconf 83' lang='grc'>6</span> 
     </span>
     <span class='ocr_line' id='line_1_28' title="bbox 212 2755 1112 2833; baseline 0.003 -19"><span class='ocrx_word' id='word_1_222' title='bbox 212 2757 300 2814; x_wconf 86' lang='lat' dir='ltr'>multo</span> <span class='ocrx_word' id='word_1_223' title='bbox 339 2756 428 2827; x_wconf 84' lang='lat' dir='ltr'>magis</span> <span class='ocrx_word' id='word_1_224' title='bbox 458 2755 535 2812; x_wconf 92' lang='lat' dir='ltr'>dedit</span> <span class='ocrx_word' id='word_1_225' title='bbox 566 2757 733 2828; x_wconf 86' lang='lat' dir='ltr'>exemplum,</span> <span class='ocrx_word' id='word_1_226' title='bbox 761 2763 794 2813; x_wconf 91' lang='lat' dir='ltr'>ut</span> <span class='ocrx_word' id='word_1_227' title='bbox 821 2759 1010 2832; x_wconf 82' lang='lat' dir='ltr'>unusquisque</span> <span class='ocrx_word' id='word_1_228' title='bbox 1036 2761 1112 2833; x_wconf 87' lang='lat' dir='ltr'>quod</span> 
     </span>
     <span class='ocr_line' id='line_1_29' title="bbox 211 2841 1111 2920; baseline 0.008 -23"><span class='ocrx_word' id='word_1_229' title='bbox 211 2843 362 2920; x_wconf 75' lang='lat' dir='ltr'>aliqnando</span> <span class='ocrx_word' id='word_1_230' title='bbox 385 2841 577 2898; x_wconf 82' lang='lat' dir='ltr'>incunctanter</span> <span class='ocrx_word' id='word_1_231' title='bbox 600 2843 750 2898; x_wconf 83' lang='lat' dir='ltr'>amissurus</span> <span class='ocrx_word' id='word_1_232' title='bbox 773 2850 829 2913; x_wconf 89' lang='lat' dir='ltr'>est,</span> <span class='ocrx_word' id='word_1_233' title='bbox 856 2861 906 2915; x_wconf 89' lang='lat' dir='ltr'>pro</span> <span class='ocrx_word' id='word_1_234' title='bbox 922 2861 953 2901; x_wconf 90' lang='lat' dir='ltr'>ss</span> <span class='ocrx_word' id='word_1_235' title='bbox 973 2845 1034 2917; x_wconf 84' lang='lat' dir='ltr'>ipso</span> <span class='ocrx_word' id='word_1_236' title='bbox 1050 2847 1111 2904; x_wconf 86' lang='lat' dir='ltr'>red·</span> 
     </span>
     <span class='ocr_line' id='line_1_30' title="bbox 213 2927 1112 3004; baseline 0.006 -20"><span class='ocrx_word' id='word_1_237' title='bbox 213 2931 279 2986; x_wconf 89' lang='lat' dir='ltr'>dere</span> <span class='ocrx_word' id='word_1_238' title='bbox 302 2928 377 2993; x_wconf 86' lang='lat' dir='ltr'>Deo,</span> <span class='ocrx_word' id='word_1_239' title='bbox 406 2943 470 2982; x_wconf 89' lang='lat' dir='ltr'>cum</span> <span class='ocrx_word' id='word_1_240' title='bbox 494 2927 564 2982; x_wconf 91' lang='lat' dir='ltr'>ratio</span> <span class='ocrx_word' id='word_1_241' title='bbox 585 2928 721 2998; x_wconf 84' lang='lat' dir='ltr'>postulat,</span> <span class='ocrx_word' id='word_1_242' title='bbox 747 2945 803 2986; x_wconf 89' lang='lat' dir='ltr'>non</span> <span class='ocrx_word' id='word_1_243' title='bbox 826 2929 949 3000; x_wconf 85' lang='lat' dir='ltr'>dubitet,</span> <span class='ocrx_word' id='word_1_244' title='bbox 975 2933 1023 3004; x_wconf 84' lang='lat' dir='ltr'>qui</span> <span class='ocrx_word' id='word_1_245' title='bbox 1048 2947 1112 2990; x_wconf 82' lang='lat' dir='ltr'>curs</span> 
     </span>
     <span class='ocr_line' id='line_1_31' title="bbox 211 3010 1111 3088; baseline 0.008 -22"><span class='ocrx_word' id='word_1_246' title='bbox 211 3014 369 3070; x_wconf 83' lang='lat' dir='ltr'>nullatenus</span> <span class='ocrx_word' id='word_1_247' title='bbox 386 3017 435 3066; x_wconf 83' lang='lat' dir='ltr'>aut</span> <span class='ocrx_word' id='word_1_248' title='bbox 450 3027 502 3083; x_wconf 88' lang='lat' dir='ltr'>pro</span> <span class='ocrx_word' id='word_1_249' title='bbox 528 3028 558 3066; x_wconf 88' lang='lat' dir='ltr'>se</span> <span class='ocrx_word' id='word_1_250' title='bbox 582 3010 719 3083; x_wconf 79' lang='lat' dir='ltr'>indigeret</span> <span class='ocrx_word' id='word_1_251' title='bbox 743 3020 793 3070; x_wconf 86' lang='lat' dir='ltr'>sut</span> <span class='ocrx_word' id='word_1_252' title='bbox 810 3022 957 3086; x_wconf 74' lang='lat' dir='ltr'>cogeretur</span> <span class='ocrx_word' id='word_1_253' title='bbox 974 3032 1024 3088; x_wconf 89' lang='lat' dir='ltr'>pro</span> <span class='ocrx_word' id='word_1_254' title='bbox 1042 3013 1111 3082; x_wconf 77' lang='lat' dir='ltr'>aliis.</span> 
     </span>
     <span class='ocr_line' id='line_1_32' title="bbox 214 3096 1112 3174; baseline 0 -20"><span class='ocrx_word' id='word_1_255' title='bbox 214 3099 314 3170; x_wconf 84' lang='lat' dir='ltr'>quibus</span> <span class='ocrx_word' id='word_1_256' title='bbox 333 3098 400 3154; x_wconf 90' lang='lat' dir='ltr'>nibil</span> <span class='ocrx_word' id='word_1_257' title='bbox 417 3096 470 3152; x_wconf 89' lang='lat' dir='ltr'>nisi</span> <span class='ocrx_word' id='word_1_258' title='bbox 486 3113 604 3170; x_wconf 85' lang='lat' dir='ltr'>poenam</span> <span class='ocrx_word' id='word_1_259' title='bbox 623 3096 757 3174; x_wconf 72' lang='lat' dir='ltr'>debebat,</span> <span class='ocrx_word' id='word_1_260' title='bbox 783 3102 841 3154; x_wconf 82' lang='lat' dir='ltr'>tam</span> <span class='ocrx_word' id='word_1_261' title='bbox 858 3098 1007 3169; x_wconf 84' lang='lat' dir='ltr'>pretiosam</span> <span class='ocrx_word' id='word_1_262' title='bbox 1026 3096 1112 3160; x_wconf 78' lang='lat' dir='ltr'>vitem</span> 
     </span>
    </p>
   </div>
   <div class='ocr_carea' id='block_1_5' title="bbox 282 3334 740 3479">
    <p class='ocr_par' dir='ltr' id='par_1_5' title="bbox 282 3334 740 3479">
     <span class='ocr_line' id='line_1_33' title="bbox 285 3334 740 3408; baseline 0 -15"><span class='ocrx_word' id='word_1_263' title='bbox 285 3339 309 3404; x_wconf 92' lang='lat'>1)</span> <span class='ocrx_word' id='word_1_264' title='bbox 329 3337 363 3393; x_wconf 91' lang='lat' dir='ltr'>In</span> <span class='ocrx_word' id='word_1_265' title='bbox 383 3339 465 3393; x_wconf 85' lang='lat' dir='ltr'>Mser.</span> <span class='ocrx_word' id='word_1_266' title='bbox 481 3335 526 3392; x_wconf 91' lang='lat' dir='ltr'>bic</span> <span class='ocrx_word' id='word_1_267' title='bbox 544 3334 641 3408; x_wconf 90' lang='lat' dir='ltr'>incipit</span> <span class='ocrx_word' id='word_1_268' title='bbox 657 3354 679 3393; x_wconf 84' lang='lat' dir='ltr'>a</span> <span class='ocrx_word' id='word_1_269' title='bbox 701 3340 740 3393; x_wconf 83' lang='grc'>18.</span> 
     </span>
     <span class='ocr_line' id='line_1_34' title="bbox 282 3407 608 3479; baseline -0.006 -17"><span class='ocrx_word' id='word_1_270' title='bbox 282 3407 608 3479; x_wconf 51' lang='grc' dir='ltr'>ἣῶαψπη</span> 
     </span>
    </p>
   </div>
   <div class='ocr_carea' id='block_1_6' title="bbox 0 0 1325 3816">
    <p class='ocr_par' dir='ltr' id='par_1_6' title="bbox 0 0 1325 3816">
     <span class='ocr_line' id='line_1_35' title="bbox 0 0 1325 3816; baseline 0 0"><span class='ocrx_word' id='word_1_271' title='bbox 0 0 1325 3816; x_wconf 95' lang='lat' dir='ltr'> </span> 
     </span>
    </p>
   </div>
  </div>
 </body>
</html>
