2640 3816
245 303 288 370 42
346 259 348 263 Α
427 295 975 360 s.ANsELssseANTUAR1nNSIS

246 472 321 544 quod
341 471 391 526 des
411 487 429 526 a
447 476 476 526 te
493 487 550 524 non
573 468 661 524 habes
687 467 736 522 sed
763 466 882 536 abillo,
911 464 991 521 cuius
1012 482 1107 522 servus
1126 483 1157 522 es

245 563 277 614 tr
296 563 325 614 et
342 557 389 612 ilie
407 556 452 612 oui
469 556 536 618 dest
565 558 593 610 et
619 558 767 608 naturate
785 553 880 622 deret,
907 557 940 607 ut
957 567 1088 607 conservo
1106 557 1157 608 tuo

244 643 263 699 i.
282 661 305 700 e.
323 642 405 698 homo
424 640 542 710 homini,
567 639 655 694 fanias
682 638 758 710 quod
782 637 835 694 tibi
857 639 895 694 ab
918 637 968 693 illo
987 637 1031 692 vis
1050 633 1156 708 seue)

120 779 122 783 .
245 728 374 798 etquis,
399 727 448 798 qui
469 742 526 782 non
544 726 606 782 vult
630 726 697 781 dare
721 724 797 795 quod
814 724 911 794 hebet,
933 740 989 778 non
1007 723 1092 780 debet
1110 740 1158 780 ao·

196 810 225 860 11
244 814 338 884 eipere
367 812 443 884 quod
471 829 526 866 non
554 810 648 867 hebet
691 810 735 864 De
763 809 921 866 dimissione
944 825 1010 864 vero
1035 809 1159 866 breviter

246 899 323 968 dieo,
351 898 417 969 quie
438 897 598 952 nullatenus
623 895 773 966 pertinet2)
797 895 835 950 ad
862 900 891 950 te
916 895 1056 964 vindicte,
1085 894 1159 950 siout

246 986 360 1055 supre³)
381 982 513 1052 diximus3
549 982 680 1055 quonism
695 998 750 1037 neo
769 987 801 1036 tu
818 987 883 1038 tuus
900 997 938 1050 es,
958 997 1010 1037 nee
1026 981 1074 1035 ille
1091 987 1157 1038 tuus

245 1076 295 1124 aut
311 1087 379 1125 suus
399 1069 447 1141 qui
465 1069 518 1125 tibi
534 1068 603 1124 feeit
619 1068 762 1137 iniuriam,
782 1066 832 1121 sed
852 1065 935 1120 unius
954 1065 1069 1122 Domini
1085 1067 1158 1122 servi

245 1155 314 1212 fecti
341 1154 378 1210 eb
404 1154 453 1210 illo
480 1155 515 1210 de
537 1153 627 1208 nihilo
657 1154 739 1220 ertis3
764 1159 792 1208 et
810 1151 835 1206 si
854 1151 890 1206 de
908 1167 1042 1207 conservo
1059 1157 1108 1208 tuo
1126 1158 1157 1208 te

245 1239 389 1308 vindices,
420 1238 555 1294 iudicium
585 1239 661 1309 quod
690 1238 833 1310 proprium
858 1237 974 1291 Domini
1002 1242 1030 1292 et
1056 1237 1157 1293 iudicis

198 1323 369 1384 nomnium
392 1331 450 1394 ost,
475 1341 560 1395 super
579 1324 659 1379 iilum
684 1323 802 1394 superbe
826 1323 989 1394 praesumis.
1033 1323 1068 1378 In
1092 1322 1157 1378 obe·

247 1411 352 1466 dientie
370 1409 522 1481 veroquid
540 1409 591 1464 des
606 1408 669 1464 Deo
692 1408 767 1478 quod
786 1425 843 1462 non
862 1407 962 1478 debes,
986 1408 1032 1464 eui
1049 1409 1158 1465 iubenti

246 1501 335 1550 totum
361 1493 437 1568 quod
466 1510 495 1549 es
524 1500 552 1549 et
575 1494 651 1564 quod
672 1493 759 1550 habes
782 1497 812 1548 et
837 1493 912 1562 quod
934 1499 1029 1565 potes,
1053 1493 1158 1550 debes?

198 1585 229 1637 13
247 1583 316 1635 Bor.
351 1579 429 1636 Nihil
455 1577 511 1632 iam
535 1578 625 1633 audeo
646 1578 676 1632 in
695 1578 739 1633 his
766 1578 894 1634 omnibus
918 1579 1011 1638 dicere
1029 1581 1159 1636 medere

247 1666 324 1736 Deo,
354 1664 431 1737 quod
460 1662 556 1720 debeo.
601 1665 670 1722 Aoo.
707 1663 782 1728 Quid
808 1681 875 1736 ergo
901 1665 990 1720 solves
1017 1665 1079 1721 Deo
1106 1683 1160 1736 pro

199 1759 230 1810 14
247 1758 363 1824 peooeto
388 1748 459 1806 tuo?
503 1751 573 1803 Bor.
609 1747 639 1804 si
662 1749 799 1821 meipsum
823 1758 851 1806 et
874 1749 1010 1822 quidquid
1035 1767 1158 1820 possum,

248 1839 332 1894 etiem
356 1836 467 1910 quando
490 1851 547 1890 non
567 1849 666 1904 peoeo,
694 1835 735 1890 illi
759 1836 849 1896 debeo
871 1853 907 1890 ne
932 1852 1063 1907 peooem,
1090 1835 1159 1890 nihil

198 1931 229 1982 15
247 1923 337 1978 habeo
363 1921 438 1994 quod
461 1935 513 1991 pro
537 1925 652 1989 peceato
669 1919 711 1976 illi
730 1922 854 1977 reddam.
890 1923 959 1976 Aur.
996 1919 1072 1984 Quid
1092 1936 1159 1992 ergo

248 2008 303 2064 en't
321 2008 357 2062 de
374 2005 422 2062 te?
459 2004 603 2069 Quomodo
621 2004 725 2075 poteris
743 2005 836 2061 sulvus
855 2004 937 2061 esse?
973 2007 1041 2060 Bor.
1068 2005 1099 2063 Si
1115 2022 1159 2061 ra-

247 2091 337 2146 tiones
361 2095 424 2144 tuas
446 2089 603 2158 considero,
631 2105 688 2144 non
710 2088 792 2144 video
820 2089 967 2160 quomodo.
1011 2090 1041 2148 si
1065 2096 1159 2148 eutem

248 2174 286 2229 ed
302 2175 387 2230 fidem
406 2189 497 2230 meam
514 2189 640 2243 recurro,
663 2174 693 2228 in
712 2172 768 2228 fide
786 2173 938 2232 christiane
958 2193 1029 2245 quae
1041 2194 1097 2246 per
1116 2178 1159 2232 di·

249 2261 394 2316 lectionem
420 2259 596 2329 operatur,⁴)
625 2275 706 2329 spero
731 2275 776 2314 me
798 2277 882 2331 posse
905 2261 1019 2332 salvari,
1043 2263 1160 2336 etquis

248 2345 412 2418 legimusst)
450 2343 474 2398 si
509 2343 630 2400 iniustus
665 2362 814 2420 conversus
843 2346 928 2404 fuerit
953 2347 994 2402 ab
1023 2347 1160 2404 iniustitia

250 2448 302 2487 sue
335 2438 364 2487 et
399 2429 497 2487 fecerit
525 2431 674 2500 iustitiam,
709 2448 804 2486 omnes
834 2430 985 2488 iniustitias
1015 2433 1073 2489 eius
1103 2438 1159 2490 tru-

201 2520 232 2571 16
251 2516 280 2570 di
310 2515 452 2572 oblivioni.
504 2517 574 2571 Aoo.
618 2515 680 2571 Hoo
716 2531 773 2570 non
812 2515 915 2570 dieitur
947 2516 1001 2572 nisi
1031 2518 1067 2574 de
1094 2519 1159 2589 illis,

250 2601 298 2673 qui
333 2609 383 2657 aut
423 2606 639 2672 expectaverunt
678 2599 819 2655 Christum
857 2607 1006 2674 antequem
1044 2605 1160 2674 veniret,

201 2694 231 2744 17
250 2693 298 2741 eut
330 2689 448 2744 eredunt
476 2686 506 2740 in
534 2702 599 2741 eum
629 2691 778 2756 postquem
807 2687 892 2743 venit.
933 2688 990 2744 Sed
1019 2689 1160 2746 Christum

251 2777 279 2826 et
313 2771 490 2828 ehristiensm
526 2771 611 2827 fidem
648 2771 728 2844 quasi
763 2789 908 2843 nunquam
938 2772 1038 2830 fuisset
1067 2775 1159 2846 posui-

321 3026 346 3092 1)
365 3023 422 3080 Cir.
442 3025 541 3084 Metth.
560 3033 642 3096 7,12.

320 3095 346 3160 2)
359 3094 498 3162 pertinet:
516 3113 587 3152 omn.
607 3095 694 3152 Codd.

320 3163 347 3230 3)
367 3179 391 3232 ο,
414 3169 453 3232 12,
474 3170 519 3218 12:
548 3164 613 3232 „Ad
633 3165 740 3220 nullum
758 3165 881 3236 pertinet
897 3164 1049 3220 vindictam
1068 3164 1160 3222 faeere

250 3231 304 3288 nisi
324 3231 361 3286 ud
378 3231 466 3302 illum,
486 3231 534 3304 qui
550 3232 688 3288 Dominus
706 3239 749 3289 est
768 3234 916 3288 omnium“

320 3304 347 3440 {3
364 3301 556 3440 ἓὲἓῖίῑθῗίῗ,
575 3374 622 3438 2⁷3
641 3374 683 3440 eo,
702 3375 735 3425 14
752 3384 793 3440 sq.
891 3347 901 3370 ’
