2640 3816
236 293 277 360 to
418 283 959 368 a.nusuusuosuuuun1uus1s

181 467 214 519 ³³
231 468 334 532 matre,
358 467 387 518 et
402 479 460 521 non
476 478 526 534 peu
543 479 574 517 se
592 460 711 516 mundus
730 467 790 518 esse
808 460 859 518 sed
876 477 926 534 per
944 458 1029 514 illum
1064 458 1135 514 Asse.

231 547 295 604 Non
311 547 352 602 its
375 553 426 604 est
462 547 671 620 sedquoniam
695 546 791 602 matris
812 545 950 602 munditia
974 559 1026 616 pen
1051 560 1135 616 quam
1184 553 1187 560 “

230 633 350 691 mundus
374 637 428 702 est,
453 650 510 688 nou
528 631 582 688 fuit
598 633 654 688 nisi
672 631 708 688 ab
725 630 788 700 illo,
811 631 873 702 ipse
896 645 1007 702 quoque
1029 645 1081 700 pur
1105 647 1136 686 se

227 719 321 792 ipsum
339 724 368 774 et
384 735 403 772 a
419 735 449 774 se
465 718 585 772 mundus
601 717 663 772 fuit

82 921 83 926 κ
172 861 211 935 'l
308 852 421 942 161).
458 890 525 944 Bos.
563 887 670 953 sensu
698 892 741 944 est
764 888 799 943 de
823 887 886 943 hoe.
920 886 1135 944 Verumtdhuo

229 971 297 1028 mihi
314 971 392 1028 uliud
417 971 527 1030 videtur
553 974 748 1046 quaerendum.
783 973 911 1030 Diximus
931 974 1005 1029 enim
1021 977 1134 1044 σφω’)

229 1058 297 1132 quia
319 1075 375 1114 non
402 1058 565 1116 necessitate
592 1057 739 1114 moriturus
766 1063 839 1126 eret,
865 1064 893 1114 et
919 1076 993 1114 nuno
1010 1057 1136 1114 videmus

231 1143 297 1216 quia
318 1148 406 1200 mater
430 1145 489 1200 eius
510 1160 560 1215 per
584 1143 643 1199 eius
668 1149 784 1198 mortem
808 1143 931 1200 futurem
952 1145 1058 1200 munda
1073 1145 1136 1214 fuit,

230 1229 306 1302 quod
333 1227 387 1284 nisi
412 1229 462 1286 illa
488 1229 601 1294 fuisset,
628 1230 688 1299 ipse
715 1229 750 1283 de
774 1228 824 1284 illa
842 1245 974 1286 essenon
992 1229 1135 1300 potuisset

197 1313 374 1380 uouonouo
400 1331 467 1386 argo
495 1330 551 1370 non
577 1314 741 1370 necessitate
767 1320 891 1370 mortuus
917 1320 973 1382 est,
1001 1314 1050 1386 qui
1080 1332 1136 1372 non

229 1399 283 1454 nisi
311 1399 377 1470 quis
405 1399 553 1456 moriturus
582 1405 642 1456 erat
669 1399 760 1470 potuit
786 1399 863 1455 esse?
918 1399 990 1457 Nam
1023 1400 1049 1456 si
1078 1417 1136 1456 mo·

229 1485 333 1558 siturus
358 1501 415 1540 non
439 1492 525 1556 esset,
554 1484 642 1558 Virgo
661 1485 696 1540 de
720 1501 776 1556 qua
794 1493 932 1541 assumtus
949 1492 1005 1556 est,
1032 1485 1136 1542 munds

230 1587 286 1626 non
323 1569 437 1642 fuisset,
479 1569 610 1640 quonium
649 1568 703 1626 hoo
736 1587 913 1643 nequaquam
947 1569 1037 1626 valuit
1076 1589 1136 1628 esse

229 1656 284 1714 nisi
319 1673 414 1712 veram
444 1655 503 1713 eius
531 1661 648 1710 mortem
675 1655 827 1725 eredendo,
862 1673 915 1712 neo
943 1656 991 1712 ille
1019 1655 1055 1712 de
1086 1655 1136 1712 illa

197 1740 322 1816 3potuit
361 1743 442 1805 aliter
487 1740 598 1796 assumi
649 1740 743 1805 Quare
780 1741 805 1796 si
841 1759 897 1796 non
933 1747 1058 1798 mortuus
1094 1748 1137 1800 est

231 1847 267 1886 ex
299 1829 465 1886 necessitate
498 1831 648 1897 postquam
687 1833 826 1884 assumtus
863 1833 905 1883 est
940 1827 975 1884 de
1011 1827 1135 1900 Virgine,

229 1913 321 1986 potuit
344 1932 400 1970 non
423 1929 484 1970 esse
509 1917 647 1967 assumtus
673 1912 707 1967 de
726 1912 843 1985 Virgine
867 1918 1015 1986 postquam
1031 1920 1076 1970 est
1093 1930 1135 1970 as·

196 2001 352 2069 teumtus3
383 2000 458 2070 quod
482 2014 538 2053 non
562 2002 605 2053 est
626 1997 765 2067 possibile.
807 2000 878 2056 Assa.
914 1997 944 2054 si
967 1998 1038 2052 bene
1063 2014 1135 2068 quae

213 2100 315 2153 supra
342 2084 417 2138 diota
446 2087 512 2138 sunt
541 2081 759 2152 considerasses,
792 2101 859 2139 sene
887 2082 1078 2154 quaestionem
1106 2083 1137 2138 in

173 2204 181 2220 .-
230 2166 300 2236 illis,
322 2171 355 2221 ut
379 2173 463 2236 puto,
489 2165 608 2220 solutam
630 2164 821 2224 intellexisses.
859 2173 927 2224 Bos.
966 2168 1030 2226 Non
1054 2167 1136 2224 video

196 2257 212 2306 t
230 2251 375 2324 quomodo.
401 2251 470 2308 Ans.
488 2250 596 2315 Nonne,
616 2251 735 2322 quando·
746 2255 931 2325 quaesivimus
939 2254 961 2324 ²)
978 2258 1071 2308 utrum
1087 2253 1136 2310 ille

173 2407 175 2414 y
228 2335 340 2393 mentiri
356 2337 488 2409 potuerit,
506 2335 732 2409 monstravimus,
757 2339 786 2394 in
808 2339 967 2398 mentiendo
986 2339 1055 2394 duas
1073 2355 1135 2394 esse

227 2427 393 2496 potestates,
417 2439 502 2478 unam
518 2420 649 2477 videlieet
666 2421 778 2481 volendi
796 2425 906 2482 mentiri
925 2424 1040 2481 alterum
1060 2441 1136 2480 men·

228 2508 331 2581 tiendi;
357 2513 386 2565 et
411 2508 555 2587 quonium,
578 2523 642 2562 oum
663 2508 815 2565 mentiendi
830 2516 996 2582 potestatem
1012 2509 1135 2578 haberet,

118 2611 123 2636 ν
227 2593 281 2650 hoo
298 2611 317 2649 a
337 2594 428 2664 seipso
445 2593 545 2650 habuit
564 2599 667 2649 utnon
685 2599 781 2664 posset
799 2594 870 2650 velle
887 2595 1013 2664 mentiri;
1031 2594 1134 2670 ideireo

230 2679 265 2734 de
284 2696 335 2736 sua
353 2679 461 2736 iustitie
477 2697 534 2751 qua
552 2678 697 2734 veritatem
716 2680 845 2749 servavit,
861 2699 925 2740 eum
942 2698 1002 2738 esse
1018 2680 1135 2736 leudun-

196 2761 318 2822 ouum?
354 2768 423 2821 Bos.
460 2763 505 2820 Ita
532 2771 582 2820 est.
624 2763 693 2818 Am.
729 2763 862 2822 Similiter
884 2773 927 2823 est
945 2766 976 2822 in
1000 2765 1136 2822 servando

224 2847 316 2928 'vitam
330 2855 454 2920 potestas
472 2848 584 2906 volendi
595 2866 706 2906 servare
718 2856 747 2906 et
763 2855 886 2922 potestas
897 2852 1035 2908 servandi.
1064 2849 1136 2925 Cum

230 2948 297 3009 ergo
314 2935 462 3009 quaeritur,
484 2938 577 2990 utrum
593 2933 668 2992 idem
687 2935 765 2992 Deus
786 2935 869 2994 homo
888 2937 1010 3010 potuerit
1026 2953 1136 2994 servare

300 3087 326 3155 1)
351 3085 442 3144 Unius
464 3096 573 3145 tantum
595 3087 704 3145 Codicis
728 3089 801 3157 (Aa)
827 3092 978 3148 auotoritas
999 3088 1135 3146 Gerbero-

227 3156 305 3212 nium
322 3156 452 3227 adduxit,
475 3165 508 3213 ut
531 3159 660 3214 voculam
684 3161 749 3214 besse
771 3162 914 3216 exordium
939 3165 1074 3215 statueret
1090 3175 1136 3213 ou·

223 3225 292 3296 pitis
312 3231 353 3284 17.

297 3299 324 3364 2)
340 3293 398 3364 Cir.
415 3293 440 3365 Ι,
457 3299 482 3352 8.
500 3299 524 3350 9.
548 3299 596 3366 1ος
613 3293 652 3364 11,
673 3303 714 3356 to.
732 3303 773 3356 11.

294 3365 324 3438 ,3)
342 3365 437 3438 Sum
452 3381 478 3420 ⁰·
499 3369 541 3434 ¹⁰2
559 3369 634 3438 4η·
722 3423 724 3432 ,
