2640 3816
237 283 279 350 26
414 281 442 338 S.
461 280 632 339 Ansam
647 279 955 342 condomensis

236 449 366 517 honori¹l
395 451 493 523 nequit
522 450 643 521 aliquid,
678 457 813 522 quantum
842 452 879 506 ad
908 452 988 508 illum
1013 455 1145 526 pertinet,

238 539 306 594 addi
324 539 369 594 vel
393 538 488 592 minui.
525 535 603 590 Idem
628 552 749 607 namque
771 538 832 608 ipse
857 538 911 594 sibi
934 538 1021 594 horror
1043 546 1087 596 est
1102 540 1145 596 irr-

238 623 426 696 eorruptibilis
452 627 480 677 et
496 622 573 677 nullo
599 622 682 676 modo
705 620 856 677 mutabilis.
902 623 1007 680 Verum
1030 626 1145 696 quando

241 724 425 782 unaquaeque
443 711 571 762 ereatura
589 723 671 762 suum
694 713 723 762 et
739 707 819 778 quasi
835 708 889 764 ribi
904 716 1085 780 praeeepurm
1102 728 1147 766 or-

240 797 333 850 dinem
358 793 417 848 sive
443 791 608 848 naturaliter
634 792 693 847 sire
719 791 920 849 rationabiliter
946 802 1054 865 servat,
1083 797 1146 854 Deo

241 879 355 935 obedire
381 884 410 932 et
438 894 502 932 eum
528 876 630 935 dieitur
655 878 806 948 honorare3
836 884 864 934 et
888 879 941 934 hoo
963 882 1081 936 maximo
1101 899 1146 936 ra·

239 964 349 1020 tionelis
372 969 486 1030 natura,
515 963 560 1020 oui
584 964 681 1018 datum
706 970 748 1019 est
770 963 926 1036 intelligere
950 965 1018 1036 quid
1037 965 1146 1020 debeat

206 1049 221 1101 3
241 1050 320 1114 Quae
344 1065 407 1104 oum
432 1048 493 1102 vult
518 1049 593 1119 quod
616 1048 713 1118 debet,
739 1050 831 1106 Deum
847 1050 977 1120 honorat3
1005 1067 1061 1106 rrorr
1078 1050 1147 1122 quia

239 1136 281 1192 illi
300 1134 407 1207 aliquid
424 1133 545 1203 confert,
569 1134 618 1188 sed
637 1134 703 1205 quia
721 1139 819 1206 sponte
837 1153 866 1191 se
886 1135 946 1192 eius
961 1135 1100 1190 volunta-ti
1115 1140 1145 1191 et

239 1219 415 1294 dispositioni
444 1218 541 1274 subdit
574 1225 603 1274 et
631 1220 662 1274 in
691 1237 783 1276 rerum
813 1221 993 1276 universitate
1020 1221 1145 1276 ordinem

239 1326 320 1362 suum
337 1313 364 1362 et
383 1305 505 1360 eiusdem
529 1305 718 1360 universitatis
736 1306 982 1377 pulchritudinem,
1010 1311 1146 1377 quantum

205 1393 269 1448 tin
295 1393 358 1463 ipsa
385 1395 441 1459 est,
469 1396 567 1445 servat.
603 1390 674 1446 Cum
701 1409 766 1448 vero
794 1409 851 1446 non
872 1392 934 1447 vult
958 1392 1033 1462 quod
1053 1391 1145 1461 debet,

239 1478 339 1545 Deum,
368 1481 502 1547 quantum
519 1475 557 1529 ad
581 1475 670 1546 ipsam
679 1479 701 1545 ²)
730 1477 863 1547 pertinet,
892 1475 1050 1546 inhonorat,
1077 1493 1146 1548 quo·

152 1549 155 1558 ¹
197 1619 203 1645 ἱ
237 1563 312 1618 niam
334 1579 389 1616 non
411 1560 507 1616 subdit
532 1578 562 1617 se
585 1569 685 1632 sponte
713 1561 788 1616 illius
815 1561 1004 1634 dispositioni3
1031 1569 1060 1617 et
1085 1562 1146 1616 uni·

199 1656 204 1705 3
237 1648 377 1706 versitatis
396 1647 520 1704 ordinem
541 1654 569 1703 et
586 1649 829 1719 pulchritudinem,
842 1655 976 1722 quantum
995 1647 1025 1701 in
1044 1665 1074 1703 se
1093 1655 1144 1718 est,

238 1734 397 1805 perturbat,
419 1733 485 1788 lieet
506 1738 673 1804 potestatem
697 1743 746 1790 aut
767 1735 933 1807 dignitatem
949 1731 1004 1788 Dei
1027 1734 1144 1790 nullate·

205 1819 292 1875 5nns
317 1821 412 1876 laedat
434 1826 484 1874 aut
508 1819 655 1876 decoloret
691 1819 721 1876 Si
745 1821 819 1876 enim
840 1835 873 1875 ea
897 1835 968 1890 quae
995 1820 1066 1875 eoeli
1088 1838 1147 1876 am·

237 1906 299 1962 bitu
318 1905 503 1973 eontinentur,
520 1903 625 1960 vellent
642 1921 699 1960 non
716 1921 776 1959 esse
793 1905 847 1960 sub
866 1903 942 1959 coelo
953 1909 1003 1958 aut
1020 1904 1145 1976 elongari

237 2008 256 2046 a
270 1991 362 2061 coelo,
383 1991 541 2045 nullatenus
559 1996 675 2061 possent
691 1989 746 2043 nisi
763 1986 814 2046 sub
834 1987 912 2044 ooelo
932 2005 1007 2058 esse,
1032 2007 1083 2044 neo
1100 1991 1145 2045 fu-

205 2073 304 2148 6gere
322 2075 429 2130 eoelum
456 2074 510 2127 nisi
533 2073 783 2144 appropinquando
809 2073 895 2130 coelo.
930 2073 1003 2132 Nam
1025 2081 1053 2132 et
1069 2076 1145 2131 unde

238 2167 340 2233 etque
359 2166 388 2214 et
405 2174 461 2229 qua
479 2158 566 2228 irent,
586 2160 638 2214 rub
654 2159 732 2214 ooelo
751 2164 859 2228 essent3
876 2165 905 2215 et
925 2166 1028 2230 quanto
1053 2161 1144 2233 magis

238 2263 256 2300 a
293 2245 417 2317 qualibet
450 2249 530 2316 parte
573 2244 643 2299 eoeli
684 2245 895 2316 elongarentur,
937 2249 1016 2301 tanto
1052 2247 1142 2318 magis

205 2339 219 2388 7
239 2331 384 2404 oppositae
402 2331 476 2402 parti
494 2329 757 2402 appropinquarent
793 2330 839 2384 Ita
855 2331 981 2400 quamvis
998 2331 1082 2386 homo
1100 2332 1144 2387 vel

238 2418 327 2472 malus
355 2417 472 2488 angelus
504 2414 615 2470 divinae
645 2415 783 2472 voluntati
810 2421 838 2472 et
861 2415 1028 2472 ordinationi
1053 2416 1145 2471 subia-

238 2517 301 2558 cere
323 2502 407 2570 nolit,
431 2516 487 2556 norr
510 2506 604 2555 temen
627 2518 689 2556 eam
711 2501 809 2572 fugere
834 2501 923 2568 valet3
950 2500 1017 2572 quia
1042 2501 1067 2555 si
1084 2501 1146 2556 vult

237 2587 336 2658 fugere
354 2585 457 2640 desub
475 2585 618 2642 voluntate
642 2585 768 2652 iubente,
798 2586 884 2642 ourrit
902 2585 954 2642 sub
972 2585 1145 2642 voluntatem

206 2671 406 2742 spumantem
441 2669 525 2725 Etsi
550 2671 674 2742 quaeris,
704 2689 761 2742 qua
781 2671 900 2728 mansit?
929 2689 986 2727 non
1011 2673 1066 2728 nisi
1091 2672 1144 2729 sub

238 2756 380 2812 voluntate
396 2756 589 2827 permittente3
611 2763 639 2812 et
656 2756 709 2812 hoo
727 2757 826 2827 ipsum,
847 2758 922 2829 quod
939 2775 1067 2829 perverse
1085 2758 1146 2814 vult

238 2846 288 2896 aut
307 2840 380 2912 agit,
405 2841 434 2896 in
458 2842 645 2898 universitatis
669 2841 812 2913 praefatae
838 2843 962 2899 ordinem
981 2849 1009 2898 et
1024 2843 1145 2914 pulchri·

206 2926 376 2996 etudinem
389 2942 496 2981 summa
524 2926 661 2998 sapientia
683 2928 826 2985 convertit.
862 2929 928 2999 Ipsa
951 2945 1071 2999 namque
1094 2945 1145 2998 per

310 3141 334 3206 1)
352 3138 408 3194 cn.
426 3141 518 3194 Haase
539 3139 617 3196 Tem.
635 3141 673 3199 II.
667 3158 760 3265 ὣς.
781 3147 848 3198 576:
874 3141 959 3210 „.Ans
976 3139 1145 3196 untersehei-

239 3207 288 3264 det
307 3141 432 3263 dlurdoh
451 3209 513 3265 eine
535 3212 665 3309 doppelte
740 3181 889 3267 eGottesl
912 3209 958 3265 die
980 3211 1146 3264 emmonem

237 3277 297 3333 und
314 3277 359 3334 die
377 3287 545 3335 transeunte
546 3279 562 3310 ‘⁴

307 3350 334 3416 2)
354 3349 493 3404 odiliam
510 3348 617 3402 Aa—
635 3349 677 3402 ad
693 3347 776 3400 illam
794 3343 883 3400 Aoo.
