2640 3816
400 313 477 372 OUR
494 313 593 372 DEUS
609 313 726 370 HOMO.
762 313 858 371 11.17.
1041 314 1081 380 81

184 493 259 542 ctum
277 486 330 553 est)
348 486 421 542 idem
438 485 498 557 ipse
517 485 622 558 estqui
643 483 731 542 Filius
741 485 796 542 Dei
813 484 899 555 Deus,
919 501 974 539 non
992 483 1085 554 potuit

183 587 239 626 non
254 571 323 625 mori
341 575 391 625 aut
409 571 481 628 velle
499 587 555 626 non
570 571 653 642 mori,
679 579 825 644 postquam
848 571 883 626 de
902 568 1018 642 Virgine
1037 583 1085 622 na·

183 663 229 710 tus
250 660 305 717 cett
331 672 387 710 non
404 655 574 728 significatur
592 657 621 712 in
635 658 684 713 illo
701 659 759 712 ulla
778 656 940 729 impotentia
957 651 1086 710 servandi

185 745 235 795 aut
267 741 378 796 volendi
415 757 524 798 servare
556 743 641 798 vitam
683 760 761 797 suam
797 742 993 808 immortalem,
1036 737 1086 793 sed

184 825 392 882 inmutabilitas
427 827 577 883 voluntatis
614 829 683 898 eius,
726 841 781 900 qua
818 845 848 882 se
886 832 983 899 sponte
1020 823 1088 880 feeit
1195 831 1199 840 '

184 911 322 968 hominem
356 912 392 967 ad
427 913 480 968 hoc
515 921 547 969 ut
586 915 616 968 in
650 913 747 970 eadem
782 914 926 968 voluntate
960 924 1086 980 persevc-

184 1013 249 1051 rans
282 1003 446 1068 moreretur,
479 1006 506 1055 et
537 999 604 1072 quia
636 999 712 1055 nulla
740 1015 785 1054 res
814 997 907 1070 potuit
935 995 1012 1050 illam
1039 989 1110 1050 v'o'

184 1081 319 1138 luntatem
347 1089 462 1139 mutare.
513 1085 581 1139 Plus
610 1085 683 1141 enim
712 1089 785 1140 esset
811 1082 974 1153 impotentia
1004 1095 1088 1152 quam
1106 1080 1139 1134 16

186 1168 372 1239 Ροῒεπτὶα,,εἰ
395 1176 489 1240 posset
511 1171 581 1227 velle
603 1172 714 1227 mentiri
731 1178 780 1226 aut
797 1171 894 1226 fallere
915 1175 965 1225 aut
979 1176 1088 1224 mutare

187 1255 372 1324 voluntatem,
400 1272 484 1326 quam
508 1255 584 1327 prius
609 1255 808 1312 immutabilem
834 1273 894 1312 esse
922 1255 1017 1310 voluit.
1050 1255 1089 1311 Et
1107 1257 1139 1308 l'l

188 1339 212 1394 si
232 1341 486 1413 (quemadmodum
500 1347 614 1413 supra1)
637 1343 705 1411 dixi)
732 1358 794 1398 cum
820 1341 920 1414 aliquis
944 1347 1040 1412 sponte
1059 1358 1089 1396 se
1112 1375 1118 1384 -

187 1427 317 1498 proponit
339 1425 477 1482 facturum
501 1428 604 1483 bonum
625 1428 753 1501 aliquod,
781 1435 809 1484 et
833 1427 929 1484 eadem
948 1427 1090 1482 voluntate

188 1519 287 1583 postea
310 1511 419 1582 perficit
444 1514 519 1584 quod
542 1516 699 1585 proposuit,
724 1515 850 1588 quamvis
873 1512 936 1586 cogi
956 1512 1044 1583 possit
1066 1511 1091 1566 si
1168 1535 1171 1539 ·

188 1596 258 1651 nolit
283 1597 447 1667 promissum
468 1598 591 1668 solvere,
617 1618 673 1654 non
699 1595 792 1656 tamen
819 1598 953 1654 dicendus
980 1603 1023 1653 est
1044 1615 1091 1652 ne-

190 1681 318 1738 cessitate
343 1683 433 1739 facere
452 1683 526 1754 quod
543 1684 627 1755 facit,
650 1685 699 1740 sed
719 1703 752 1741 ea
770 1702 826 1757 qua
841 1683 987 1756 proposuit
1004 1683 1093 1738 libera

190 1765 348 1836 uoluntate,
382 1784 439 1822 non
466 1768 538 1824 enim
567 1770 731 1826 necessitate
759 1777 808 1824 aut
837 1766 1000 1841 impotentia
1031 1766 1093 1822 fieri

190 1849 236 1902 uel
258 1867 314 1905 non
335 1851 395 1906 fieri
422 1852 477 1908 dici
504 1855 586 1911 debet
616 1854 737 1926 aliquid,
761 1854 810 1910 ubi
834 1869 925 1926 neque
943 1852 1093 1908 necessitas
1202 1852 1205 1856 ’

191 1949 282 2006 neque
299 1935 461 2006 impotentia
479 1939 630 2011 quidquam
653 1945 801 2012 operantur
828 1940 877 1995 sed
900 1939 1041 2008 voluntas,
1058 1966 1094 1978 -

192 2019 229 2089 si,
255 2022 381 2092 inquam,
405 2021 446 2075 ita
471 2029 514 2078 est
535 2023 564 2077 in
581 2024 705 2095 homine,
731 2025 818 2082 multo
836 2025 924 2096 magis
943 2023 1094 2079 necessitas

192 2109 241 2159 aut
271 2106 436 2190 impotentia
462 2125 639 2182 nequaquam
669 2109 854 2166 nominandae
880 2111 957 2166 suut'
971 2111 1001 2164 in
1023 2109 1095 2182 Deo,

194 2190 242 2261 qui
258 2191 327 2245 nihil
344 2193 398 2247 nisi
417 2195 492 2265 quod
508 2196 570 2250 vult
586 2196 661 2265 facit,
679 2202 707 2251 et
727 2198 806 2252 cuius
826 2197 997 2252 voluntatem
1017 2195 1095 2251 nulla

193 2273 235 2328 vis
259 2291 359 2347 cogere
381 2285 431 2333 aut
450 2279 596 2350 prohibere
617 2281 700 2336 valet.
735 2282 783 2336 Ad
798 2281 852 2336 hoc
871 2283 943 2336 enim
961 2281 1049 2334 valuit
1065 2278 1096 2332 in
1114 2281 1149 2333 ta

193 2357 303 2415 Christo
317 2362 463 2418 diversitas
479 2369 640 2418 naturarum
659 2371 687 2420 et
703 2366 794 2420 unitas
807 2383 949 2436 personae,
967 2371 999 2418 ut
1021 2362 1095 2434 quod

194 2462 263 2516 opus
284 2453 343 2503 erat
367 2449 428 2504 fieri
452 2450 489 2504 ad
512 2450 652 2505 hominum
679 2452 905 2506 restaurationem
929 2449 952 2502 si
975 2448 1097 2502 humana

194 2549 250 2587 non
267 2539 362 2605 posset
377 2541 490 2605 natura,
513 2535 618 2591 faceret
639 2537 746 2606 divina,
770 2540 798 2589 et
815 2540 839 2588 si
858 2533 969 2587 divinae
986 2525 1097 2588 mininie

194 2619 366 2690 conveniret,
391 2620 531 2676 exhiberet
549 2621 683 2689 humana;
706 2627 733 2675 et
756 2635 812 2674 non
835 2619 905 2673 alius
925 2623 1008 2688 atque
1025 2615 1097 2670 alius

195 2705 244 2760 sed
263 2705 336 2761 idem
353 2706 414 2777 ipse
432 2711 518 2777 esset,
539 2707 588 2778 qui
607 2711 754 2776 utrumque
771 2705 890 2760 existens
907 2701 1030 2774 perfecte
1046 2719 1098 2772 per

195 2791 343 2847 humanam
361 2790 478 2848 solveret
503 2794 578 2864 quod
605 2791 654 2846 illa
681 2790 816 2859 debebat,
845 2794 872 2844 et
898 2803 949 2859 per
975 2787 1097 2842 divinam

195 2883 290 2951 posset
306 2876 381 2948 quod
399 2877 570 2949 expediebat.
605 2878 733 2948 Denique
750 2876 839 2948 Virgo
860 2890 930 2946 quae
946 2891 996 2944 per
1014 2871 1098 2928 fidem
1117 2881 1149 2933 19

197 2963 302 3018 munda
319 2963 395 3018 facta
411 2969 466 3033 est,
492 2971 523 3018 ut
549 2963 583 3018 de
606 2965 653 3018 illa
670 2961 763 3033 posset
781 2961 898 3028 assumi,
921 2975 1097 3030 nequaquam

198 3050 316 3105 credidit
331 3048 409 3102 illum
428 3064 488 3102 esse
505 3048 666 3102 moriturum
690 3048 744 3101 nisi
766 3045 831 3118 quia
847 3044 943 3119 vellet,
967 3041 1098 3116 quemad-

198 3136 309 3190 modum
331 3151 381 3204 per
401 3132 578 3203 prophetam,
602 3134 650 3205 qui
674 3133 708 3188 de
725 3132 772 3186 illo
793 3131 874 3184 dixit:
904 3130 1029 3199 „oblatus
1048 3133 1098 3196 est,

199 3219 265 3288 quia
294 3221 355 3294 ipse
383 3219 531 3286 voluit‘·,²)
563 3218 704 3274 didicerat
768 3215 942 3287 Quapropter
970 3212 1099 3284 quoniam
1116 3213 1150 3264 20

272 3375 296 3440 l)
317 3392 340 3428 c.
361 3381 385 3443 5,
404 3382 417 3430 3
439 3393 479 3446 sq.
532 3375 558 3439 2)
578 3372 641 3427 lsai.
660 3376 700 3439 5³,
719 3378 744 3426 l.

927 3456 942 3506 6
