2640 3816
245 257 900 330 ‚ffiwwfflm
1029 256 1070 327 w

168 440 195 490 et
210 436 253 504 (nt
271 432 327 488 dici
343 432 424 501 solet)
443 432 552 504 quaeris
571 431 675 488 nodum
700 429 730 484 in
753 428 853 500 scirpo.
863 430 883 495 ¹)
918 429 989 484 Bos.
1024 425 1072 484 An
1089 424 1122 481 lt

168 536 194 575 es
211 517 329 587 oblitus,
353 517 422 589 quid
442 516 591 574 obiecerim
618 513 841 571 excusationibus
865 512 922 568 tuis
943 511 973 566 in
989 509 1072 569 huius
1217 503 1223 524 ‘

167 601 363 676 disputationis
391 608 502 658 nostrae
531 600 684 673 principio,
725 598 793 672 quia
832 596 962 654 videlicet
997 595 1073 668 quod

166 686 344 763 postulabam
369 704 426 742 non
449 687 557 744 faceres
581 686 684 758 doctis,
711 685 762 740 sed
780 684 849 740 mihi
867 687 895 740 et
912 683 965 738 hoc
982 681 1074 754 ipsum

166 789 275 828 mecum
296 772 475 844 petentibus?
512 771 624 828 Sustine
647 769 747 843 igitur,
770 775 804 824 ut
825 787 876 840 pro
896 767 1028 826 tarditate
1046 776 1075 825 et
1092 771 1124 823 27

165 857 335 914 hebetudine
365 858 453 914 nostri
482 857 587 930 ingenii
612 871 759 928 quaeram,
789 861 925 924 quatenus
953 855 1021 910 mihi
1047 863 1075 912 et

166 946 222 1002 illis
250 947 333 1002 etiam
359 945 389 1000 in
412 943 566 1014 puerilibus
593 939 815 1013 quaestionibus,
843 939 915 996 sicut
936 941 1074 1014 incepisti,

166 1031 330 1088 satisfacias.

172 1215 174 1220 ·
243 1167 315 1253 Πο
365 1199 515 1255 Attalum
530 1197 660 1267 diximus,
677 1195 743 1269 quia
754 1195 833 1250 Deus
845 1194 994 1266 improprie
1007 1193 1106 1253 dici-l

165 1291 212 1340 tur
239 1283 346 1357 aliquid
371 1304 428 1342 non
455 1301 538 1357 posse
565 1290 614 1338 aut
640 1280 805 1338 necessitate
832 1280 932 1338 facere.
977 1282 1074 1338 Omnis

166 1369 274 1442 quippe
299 1371 448 1426 necessitas
473 1377 501 1426 et
525 1367 733 1440 impossibilitas
757 1367 816 1422 eius
836 1367 961 1424 subiacet
978 1369 1074 1425 volun·

166 1455 227 1510 tati.
261 1454 341 1510 Illius
358 1462 453 1512 autem
471 1455 602 1511 voluntas
619 1452 688 1508 nulli
705 1453 834 1509 subditur
851 1455 1008 1510 necessitati
1026 1459 1076 1512 aut

166 1538 394 1610 impossibilitati
428 1541 505 1597 Nihil
525 1540 600 1595 enim
618 1546 660 1594 est
679 1539 866 1595 necessarium
883 1546 933 1595 aut
951 1538 1108 1612 imponi-2

168 1623 237 1694 bile,
262 1625 317 1680 nisi
338 1625 404 1697 qaia
421 1626 482 1695 ipse
502 1625 542 1680 ita
557 1625 632 1695 vult3
655 1625 747 1696 ipsum
768 1641 834 1682 vero
858 1628 908 1678 aut
930 1625 1002 1682 selle
1025 1631 1076 1682 aut

167 1707 244 1765 nolle
268 1709 376 1781 aliquid
397 1715 511 1781 propter
536 1707 730 1766 necessitatem
749 1714 799 1764 aut
816 1708 1075 1782 impossibilitatem,

169 1791 292 1848 alienum
318 1799 360 1848 est
385 1810 403 1850 a
429 1794 553 1850 veritate.
590 1793 700 1864 Quare,
728 1793 859 1866 quoniam
886 1795 978 1850 omnia
1003 1796 1109 1868 quae3

168 1878 230 1934 vult
248 1884 276 1933 et
294 1895 351 1933 non
369 1877 423 1933 nisi
440 1895 512 1950 quae
530 1880 601 1948 vult,
624 1879 709 1950 facit3
737 1880 809 1935 sicut
828 1881 907 1938 nulla
925 1882 1075 1938 necessitas

168 1965 227 2022 sive
242 1963 455 2036 impossibilitas
469 1964 613 2036 praecedit
631 1966 690 2022 eius
708 1965 780 2022 velle
798 1973 848 2022 aut
865 1967 948 2036 nolle,
966 1966 1007 2022 ita
1022 1985 1075 2024 nec

167 2051 227 2106 eins
244 2050 338 2130 facere
356 2056 405 2108 aut
421 2067 478 2106 non
494 2049 600 2121 facere,
626 2053 753 2122 quamvis
781 2052 871 2108 multa
894 2053 962 2109 velit
977 2053 1075 2110 immu-

167 2136 290 2192 tabiliter
316 2143 345 2192 et
369 2137 463 2192 faciat
507 2134 545 2190 Et
570 2137 644 2192 sicut
671 2154 735 2192 cum
760 2137 839 2194 Deus
865 2139 934 2196 facit
960 2133 1111 2212 aliquid‚4

168 2227 317 2294 postquam
337 2222 442 2278 factum
467 2226 524 2290 est,
547 2221 604 2276 iam
622 2239 679 2278 non
703 2230 796 2296 potest
819 2244 875 2282 nou
892 2243 951 2282 esse
970 2227 1077 2282 factum

168 2307 219 2362 sed
247 2323 355 2377 semper
382 2323 479 2363 verum
506 2310 549 2363 est
572 2306 677 2364 factum
704 2327 779 2380 esse,
802 2329 855 2368 nec
881 2316 975 2366 tanim
1001 2317 1077 2365 recte

169 2391 272 2454 dicitur
291 2391 461 2464 impossibile
478 2391 541 2446 Deo
559 2409 627 2464 esse,
646 2402 679 2450 ut
697 2395 784 2451 faciat
802 2397 876 2466 quod
895 2393 1076 2464 praeteritum

169 2483 212 2534 est
233 2496 291 2536 uon
314 2495 375 2534 esse
398 2477 593 2548 praeteritum
616 2478 686 2534 nihil
712 2481 786 2536 enim
807 2479 847 2535 ibi
871 2483 1002 2550 operatur
1027 2493 1075 2532 ne-

168 2561 285 2618 cessitas
314 2579 370 2617 non
398 2561 521 2618 faciendi
549 2568 599 2618 aut
624 2562 831 2634 impossibilitas
862 2563 996 2634 faciendi,
1025 2563 1076 2619 sed

168 2645 224 2701 Dei
242 2646 302 2702 sola
319 2648 460 2716 voluntas,
486 2646 535 2718 qui
558 2647 705 2704 veritatem
726 2665 834 2720 semper
855 2648 933 2722 (quia
950 2648 1010 2720 ipse
1030 2666 1075 2704 ve·

167 2731 236 2792 sitas
255 2736 306 2803 est)
326 2733 542 2804 immutabilem,
563 2733 636 2789 siout
652 2741 707 2804 est,
724 2751 784 2790 esse
802 2733 868 2788 vult.
907 2731 953 2787 Ita
970 2731 994 2786 si
1012 2736 1108 2804 pro-5

168 2819 249 2890 ponit
269 2835 300 2874 se
319 2819 426 2890 aliquid
450 2818 660 2876 immutabiliter
679 2821 832 2888 facturum,
856 2816 982 2890 quamvis
1000 2819 1076 2892 quod

168 2905 300 2976 proponit
327 2907 477 2976 autequam
504 2903 554 2960 fiat
578 2922 634 2960 non
658 2903 747 2974 possit
772 2921 828 2959 non
852 2920 912 2958 esse
941 2903 1074 2974 futurum,

168 3006 225 3044 non
248 2996 341 3046 tamen
369 2990 428 3046 ulla
456 2996 497 3047 est
523 2991 552 3044 in
582 3006 613 3045 eo
640 2989 762 3046 faciendi
785 2989 935 3046 necessitas
953 2997 1075 3046 autnon

168 3073 291 3130 faciendi
314 3075 538 3146 impossibilitas,
562 3074 627 3146 quia
650 3075 709 3131 sola
727 3080 858 3145 operatur
880 3076 909 3134 in
928 3094 963 3132 ea
978 3074 1075 3129 volun·
1133 3135 1136 3144 ¹

240 3247 265 3312 l)
292 3243 335 3298 Ex
362 3246 488 3301 Terentii
513 3243 623 3299 Andria
648 3249 700 3299 act
726 3253 799 3303 5sc.
821 3252 838 3303 4
862 3265 888 3302 v.
915 3251 947 3301 39
975 3244 1074 3300 sumsit

168 3312 222 3370 hoc
239 3313 418 3384 proverbium
435 3315 462 3372 S.
481 3313 638 3395 dussimus.
1102 3351 1103 3358 κ
