2640 3816
259 394 261 400 ἲ
361 313 438 372 eun
455 311 690 376 creseere.
722 314 762 370 rr,
784 319 892 374 stau.
1039 313 1085 382 eo

177 489 236 554 ter,
259 489 362 542 utetur.
397 485 586 559 ignoruntium
605 502 672 542 vero
689 500 745 540 non
760 483 864 555 potnit
878 500 1018 544 00000010
1034 501 1080 542 se·
1100 479 1131 534 10

178 570 301 640 pientes,
321 571 392 641 equis
406 589 549 644 umquem
568 579 611 630 est
626 571 704 628 utilis
717 571 767 627 sed
787 585 895 641 smper
911 568 1007 638 noxis,
1027 569 1083 626 tini

177 653 252 710 forts
279 671 342 713 tum
367 670 419 728 per
444 675 505 714 sem
530 658 604 714 meis
630 658 757 714 volentes
787 673 859 730 quse
885 671 1028 726 nunqnam
1053 654 1083 710 in

179 737 229 794 illo
246 740 307 809 erit,
324 742 361 798 eb
380 743 483 800 effecti
497 743 680 814 restringitur.
714 743 787 800 Nem
806 741 858 798 etsi
873 740 1026 812 eliquendo
1045 738 1083 794 ed
1101 741 1131 795 li

177 824 255 880 eliud
277 844 333 884 non
354 835 450 898 nocet,
473 829 525 886 hoe
547 829 605 886 solo
628 835 723 884 temen
747 833 842 896 nocet,
868 827 935 898 quie
952 825 1085 884 seientss

180 910 284 968 bonurn
309 914 417 986 eniert3
441 918 470 969 et
493 921 526 969 nt
549 913 669 973 breviter
691 912 834 970 absolvens
858 912 934 985 quod
959 909 1083 983 quoeris:

180 1013 215 1052 ex
243 1016 298 1070 quo
325 1000 406 1057 bomo
429 1000 477 1056 ille
503 999 571 1068 erit,
596 999 695 1070 plenus
716 995 778 1052 Deo
804 1014 912 1068 semper
938 1003 971 1054 ut
992 995 1085 1068 seipse

179 1081 248 1149 erit;
270 1083 345 1140 unde
365 1101 508 1157 nunquam
524 1084 576 1142 erit
593 1085 652 1142 sine
670 1085 732 1140 eius
747 1083 911 1154 potentieet
922 1082 1083 1142 foffiudins
1115 1101 1118 1110 ¹

139 1203 143 1226 t
180 1170 210 1222 et
225 1167 372 1238 sapientie.
408 1174 475 1226 Boe.
503 1169 635 1236 Quemvis
662 1169 715 1226 boc
735 1169 765 1224 in
782 1168 891 1228 Christo
908 1167 993 1224 tuisse
1014 1185 1083 1224 sem·
1103 1161 1133 1212 1²

180 1267 231 1321 per
254 1269 312 1308 non
339 1255 509 1324 (1011100010,
535 1256 599 1312 ideo
624 1247 718 1323 110100
746 1253 884 1326 quaein,
907 1257 942 1308 et
969 1250 1084 1308 ‹ie-hoo

181 1353 292 1408 quoque
309 1340 444 1398 rationem
467 1341 601 1401 audirem
636 1341 725 1412 seps
749 1356 869 1411 nemque
890 1336 1000 1410 aliquid
1017 1350 1084 1398 ‚esse

180 1422 1009 1498 eerdsumusettsmenhoeretionepmtsnrseescmus

260 1614 328 1700 14.
380 1651 450 1704 Boe.
478 1647 559 1705 Nunc
583 1665 652 1722 rogo
679 1655 711 1704 ut
733 1649 833 1704 docens
856 1665 916 1714 me,
946 1643 1115 1719 quomodol

181 1745 255 1785 mors
272 1733 331 1787 eius
348 1733 508 1805 praevalent
528 1751 642 1790 numero
659 1739 688 1790 et
705 1731 891 1806 magnitudini
907 1736 1085 1804 peccatorum
1110 1767 1133 1809 ‘t

182 1815 318 1882 omnium,
348 1833 412 1874 cum
435 1836 520 1875 unum
542 1821 627 1892 (quod
643 1821 774 1890 putemus
790 1816 970 1885 levissimum)
987 1832 1084 1890 pecce-
1109 1809 1113 1816 ⁴

181 1906 242 1966 tum
261 1907 319 1956 tem
336 1903 473 1958 infinitum
495 1909 644 1976 monstres,
668 1910 700 1960 ut
724 1905 747 1959 si
772 1919 901 1959 numerus
919 1899 1085 1956 obtendatur

180 1983 306 2042 infinitus
333 1989 511 2060 mundorum,
539 1989 588 2061 qui
613 1989 652 2044 sic
678 1988 756 2062 pleni
780 1988 835 2044 sint
857 1985 990 2043 creaturis
1015 1985 1086 2040 sicut

180 2071 234 2128 iste
251 2079 305 2144 est,
328 2090 380 2130 nee
397 2075 504 2146 possint
521 2076 624 2132 serveri
649 2075 716 2147 quin
733 2073 896 2146 redigentur
914 2070 944 2128 i'n
960 2071 1085 2142 nihilum,

182 2159 236 2214 nisi
253 2158 339 2215 100101
358 2157 459 2232 eiiquis
477 2167 620 2234 aspectum
635 2178 722 2216 unum
734 2167 829 2217 contre
840 2159 1011 2214 voluntatem
1022 2151 1085 2225 Dei,
1125 2189 1130 2200 ·

182 2260 239 2299 non
256 2249 350 2300 temen
368 2245 428 2301 fieri
446 2246 553 2303 debeat.
562 2251 582 2316 ¹)
618 2248 688 2318 Aee
716 2245 746 2304 Si
765 2263 897 2319 praesens
913 2247 987 2299 esset
1002 2231 1118 2296 homo²

181 2327 230 2385 ille
248 2337 276 2386 et
295 2331 356 2402 quis
376 2338 449 2387 esset
466 2332 564 2402 scires,
587 2339 615 2388 01
635 2332 774 2388 diceretur
789 2330 855 2386 tibi:
879 2328 933 2384 nisi
952 2326 1085 2385 occideris

181 2415 320 2472 hominem
341 2417 433 2485 illum,
459 2417 561 2489 peribit
584 2419 703 2472 mundns
727 2417 780 2472 iste
801 2422 876 2473 totus
898 2419 927 2472 01
950 2409 1086 2485 quidquid

181 2499 261 2556 Deus
284 2517 340 2558 non
363 2509 419 2571 est;
442 2503 548 2560 faceres
569 2503 621 2557 hoc
647 2521 699 2574 pro
722 2501 911 2558 conservande
932 2497 1007 2554 omni
1031 2495 1086 2554 0110

181 2585 328 2643 creature?
363 2587 432 2642 Boe.
452 2588 517 2645 Non
533 2587 661 2654 facerem,
687 2587 796 2662 etiarnsi
812 2586 880 2642 mihi
897 2583 1020 2644 infinitus
1035 2602 1085 2640 nu·
1103 2577 1130 2632 ³-

182 2689 274 2729 merus
302 2672 467 2728 mundorum
494 2667 697 2730 obtenderetur.
732 2659 801 2729 Ans.
838 2671 912 2738 Quid
940 2671 965 2728 si
986 2669 1086 2726 iterum
1103 2663 1130 2716 4‘

181 2757 235 2813 tibi
253 2756 405 2813 diceretur:
424 2762 553 2815 autenm
572 2760 682 2815 occides
699 2763 748 2816 eut
759 2757 978 2830 omniepeceete
990 2753 1086 2810 mundi
1126 2796 1129 2802 .

183 2842 295 2898 venient
321 2860 405 2914 snper
430 2843 477 2899 te?
520 2845 588 2900 Boe.
623 2843 830 2916 Responderem
852 2859 896 2898 me
920 2839 1013 2914 potius
1031 2838 1086 2896 elie
1103 2833 1129 2887 δ’

182 2927 276 2982 omnio
298 2933 414 3002 peccate
436 2929 507 2986 veile
530 2929 681 3004 suscipere,
704 2946 761 2985 non
783 2928 874 2984 solum
888 2927 971 2982 huius
990 2923 1086 2982 mundi

180 3003 256 3082 ’0000
280 3013 393 3070 fuerunt
415 3019 444 3068 et
466 3031 538 3085 quse
558 3013 653 3070 future
675 3013 757 3084 sunt‚‘
781 3013 831 3071 sed
854 3018 883 3070 01
905 3026 1087 3086 quoscunque

182 3088 355 3167 'superhaec
380 3098 497 3172 cogitari
521 3099 656 3172 possunt,'
675 3117 758 3171 qoem
778 3099 852 3155 istud
870 3095 968 3158 solum.
1006 3091 1086 3160 Quod

183 3198 240 3236 non
264 3184 361 3239 solnm'
376 3185 411 3240 de
433 3185 568 3242 occisione
590 3186 648 3241 eius
671 3186 720 3240 sed
747 3189 776 3241 et
798 3183 832 3240 de
854 3183 980 3257 quelibet
1000 3195 1088 3252 parve

101 3403 103 3409 ι
256 3375 281 3439 ι)
299 3371 354 3429 cs.
372 3373 435 3432 nro.
455 3374 520 3451 rs,
541 3378 675 3446 21,e·q.
899 3417 910 3440 2
