2640 3816
437 313 514 372 OUR
530 311 631 372 DEUS
648 313 766 372 HOMO.
802 313 900 372 111⁸.
1080 315 1120 382 87

217 500 299 556 poete
316 489 346 538 et
363 499 419 539 non
437 501 519 555 poeee
537 490 565 541 et
587 484 780 541 necessitatem
803 483 953 555 uliquendo
970 482 1040 552 diei,
1065 501 1122 539 non

218 568 285 641 quie
308 569 422 634 suntin
446 568 530 625 rebus
550 569 600 626 ubi
622 570 767 638 dicuntur,
788 568 839 623 eed
860 567 990 639 quonium
1009 574 1074 623 eunt
1091 567 1121 623 in

217 653 285 719 elio,
308 653 350 709 ite
372 660 400 710 et
423 653 531 710 debere·
568 653 677 725 Quippe
702 670 765 708 eum
788 652 904 707 dicimus
927 652 1028 708 debere
1051 669 1121 724 peu·
1141 659 1172 710 15

217 755 297 810 poree
320 755 339 794 e
363 737 497 792 divitibus
520 739 722 811 eleemosynam
744 737 882 810 accipere,
905 753 962 792 non
983 742 1026 792 eet
1043 737 1120 794 uliud

216 841 301 897 quem
329 824 429 879 divites
458 823 558 880 debere
587 823 756 896 pauperibus
788 823 991 894 eleemosynam
1016 822 1120 894 impen-

217 908 296 978 dere;
331 907 383 964 hoe
416 925 536 981 nemque
574 909 701 966 debitum
736 926 792 964 non
829 913 872 964 eet
907 906 1074 979 exigendum
1103 923 1120 962 e
1240 945 1246 956 .

215 1006 338 1063 paupere
366 993 417 1047 red
442 1010 461 1048 e
485 995 580 1052 divite.
625 995 703 1050 Deue
727 1009 837 1066 quoque
864 993 966 1048 dieitur
993 992 1120 1049 omnibus
1140 991 1172 1044 16

217 1078 318 1134 debere
339 1094 481 1150 praeesse,
512 1097 569 1134 non
598 1079 666 1151 quie
692 1079 740 1133 ille
756 1078 786 1133 in
803 1078 856 1134 boe
873 1078 968 1149 aliquo
985 1078 1067 1134 modo
1086 1078 1122 1132 eit

139 1205 142 1212 ,
217 1162 335 1233 debitor,
359 1163 553 1235 sedquoniam
577 1165 669 1222 omniu
694 1163 797 1218 debent
812 1161 854 1215 illi
874 1163 1004 1232 eubeeee,
1029 1168 1057 1218 et
1075 1163 1121 1218 de·

216 1246 282 1303 bere
306 1246 398 1304 swero
423 1248 593 1321 quodvult,
618 1249 748 1320 quonium
772 1248 848 1320 quod
871 1246 933 1301 ruit
950 1247 1033 1303 debet
1052 1263 1120 1303 eree.

217 1332 263 1388 Ite
282 1333 393 1405 quando
410 1334 471 1388 vult
486 1333 582 1405 ulique
604 1340 732 1388 ereatura
754 1330 860 1400 faeere,
887 1332 962 1400 quod
980 1350 1061 1387 suum
1079 1339 1122 1388 eet
1139 1329 1173 1382 1²
1221 1351 1225 1360 ¹

217 1419 309 1475 federe
332 1423 360 1476 et
383 1418 565 1488 nonfacere,
590 1418 692 1474 dieitur
715 1416 817 1473 debere
834 1415 940 1487 faeere,
964 1416 1030 1488 quie
1046 1418 1121 1489 quod

215 1504 277 1576 ipsu
293 1505 355 1559 vult
372 1505 455 1560 debet
471 1521 540 1560 esee.
575 1504 711 1561 Dominus
736 1503 830 1574 itaque
849 1501 943 1571 Ieeue,
967 1519 1031 1558 oum
1050 1521 1120 1559 mor·
1138 1501 1175 1560 1⁸

214 1594 273 1643 tem
288 1588 370 1658 (sieut
388 1589 516 1657 diximus)
534 1589 670 1644 sustinere
686 1589 788 1656 voluit,
813 1589 944 1658 quonium
963 1605 1044 1643 euum
1062 1596 1122 1645 eret

216 1680 246 1729 et
261 1674 321 1747 pati
340 1681 368 1730 et
386 1690 443 1728 non
459 1673 527 1745 pati,
545 1673 642 1729 debuit
658 1673 750 1730 faeere
768 1673 844 1745 quod
859 1672 941 1742 feeit,
961 1673 1029 1743 quie
1046 1674 1121 1744 quod

216 1759 305 1815 voluit
328 1759 390 1814 fieri
417 1758 527 1829 debuit,
552 1764 581 1814 et
602 1776 659 1814 non
680 1757 898 1826 demitterere,
926 1757 992 1827 quie
1010 1774 1068 1812 non
1087 1773 1121 1812 er

216 1844 320 1901 debito.
355 1845 463 1914 Nempe
490 1845 619 1916 quoniam
641 1845 702 1917 ipre
727 1844 802 1900 idem
822 1848 866 1899 eet
886 1841 964 1896 Deus
983 1847 1015 1903 et
1029 1841 1120 1913 bomo,
1140 1851 1175 1904 19

216 1931 369 2004 seeundum
392 1930 540 1984 humentem
557 1930 670 2002 quidem
694 1935 823 1985 naturam
842 1943 949 1997 exque
967 1927 1022 1982 fuit
1040 1927 1122 1983 bomo

215 2015 256 2070 eie
275 2015 420 2087 eeeepite
443 2014 538 2069 divine
565 2021 679 2084 nature,
706 2031 779 2086 quoe
802 2009 916 2069 adeost
933 2013 970 2069 eb
991 2014 1122 2083 humane,

216 2117 276 2157 esee
295 2119 376 2156 ouum
393 2098 529 2172 quidquid
546 2098 682 2170 habebat,
705 2105 738 2155 ut
763 2099 834 2154 nibil
852 2098 967 2156 deberet
984 2099 1051 2154 dere
1067 2098 1123 2154 niei

141 2226 147 2241 .
216 2184 292 2254 quod
307 2185 433 2253 volebet3
458 2184 611 2240 seeundum
624 2202 770 2256 personum
787 2203 852 2242 vero
869 2177 909 2238 eie
930 2204 947 2242 e
964 2185 1056 2258 seipso
1073 2185 1121 2240 he-

215 2269 301 2326 bebat
332 2270 406 2341 quod
435 2270 584 2336 bebebet1)
615 2275 644 2326 et
674 2271 715 2326 eie
746 2271 869 2342 perfecte
887 2273 954 2340 {eibi
983 2271 1122 2328 sufficiens

219 2359 292 2423 erut,
314 2358 348 2408 ut
364 2371 415 2410 nee
440 2355 489 2410 alii
512 2355 662 2426 quiequam
685 2356 837 2412 retribuere
861 2357 988 2426 deberet,
1011 2371 1063 2412 nee
1088 2362 1121 2412 ut

216 2438 271 2495 eibi
297 2439 494 2496 retribueretur
520 2440 586 2496 dere
612 2441 758 2512 indigeret.
806 2443 876 2496 Boe.
910 2441 1017 2510 Aperte
1041 2455 1116 2494 nune
1138 2435 1172 2490 ²0

217 2523 313 2594 video,
336 2524 403 2595 quie
429 2526 506 2580 nulla
522 2526 630 2581 ratione
648 2526 770 2596 seipsum
786 2525 867 2581 morti
883 2542 916 2580 ex
935 2524 1041 2594 debito,
1068 2524 1120 2579 eie·

217 2616 250 2666 ut
274 2609 345 2667 ratio
371 2628 433 2666 mee
459 2610 608 2666 videbatur
632 2617 803 2680 monstrare,
832 2609 909 2666 dedit
933 2610 970 2664 ed
986 2609 1118 2665 bonorem

214 2693 282 2765 Dei,
310 2702 338 2751 et
359 2701 452 2752 temen
471 2696 563 2752 faeere
587 2695 684 2752 debuit
707 2696 782 2768 quod
805 2695 879 2751 feeit
915 2695 986 2749 Aee.
1022 2695 1120 2750 Honor
1137 2696 1169 2750 21

215 2781 313 2854 utique
338 2782 387 2838 ille
412 2782 497 2837 totius
522 2788 564 2837 eet
592 2781 750 2852 Trinitatis3
779 2798 865 2853 quere
891 2781 1023 2853 quonium
1045 2781 1120 2836 idem

214 2865 274 2938 ipse
298 2872 340 2922 eet
360 2867 439 2920 Deus
462 2866 551 2922 Filiue
576 2866 643 2937 Dei,
669 2867 706 2923 ed
731 2866 863 2922 bonorem
889 2884 970 2922 ouum
999 2868 1120 2940 reipsum

215 2952 269 3007 eibi
294 2952 366 3006 sieut
382 2952 460 3009 Petri
483 2958 511 3008 et
537 2952 653 3024 Spiritui
674 2957 771 3008 saneto
794 2951 897 3007 obtulit
914 2952 932 3006 i.
952 2969 975 3008 e
990 2952 1116 3008 humeni-

215 3042 302 3094 eutem
319 3051 397 3090 ouem
414 3036 553 3093 dinniud
569 3055 654 3108 enee,
681 3054 754 3109 queo
771 3053 828 3092 une
846 3037 943 3093 eedem
959 3038 1043 3093 trium
1059 3053 1120 3109 per·

216 3116 345 3178 sonorum
366 3127 415 3176 eet
452 3121 492 3178 Ut
508 3127 603 3178 temen
625 3123 655 3177 in
678 3123 776 3178 eadem
797 3122 860 3194 ipre
874 3123 991 3180 veritate
1008 3137 1120 3178 menen-
1138 3119 1173 3172 ²2

216 3211 258 3261 tee
275 3208 397 3278 epertiue
416 3207 562 3279 loquemur
578 3208 653 3279 quod
669 3208 805 3279 volumus,
824 3209 949 3265 dieemm
965 3207 1039 3265 sieut
1053 3223 1120 3262 neue

288 3363 313 3431 1)
332 3361 449 3416 uooooae
469 3363 604 3434 quequae
623 3361 741 3416 eaeeeae
758 3361 819 3418 Au
