2640 3816
404 287 483 344 0113
498 285 600 344 DEUS
619 285 745 344 HOMO.¹
773 287 797 342 L
818 294 858 345 18.
1042 291 1083 357 31

177 459 328 514 humanam
344 463 472 513 naturam
491 464 541 512 ant
565 455 603 512 ad
626 456 859 526 complementum
884 455 1008 513 eiusdem
1024 451 1085 528 per-

176 542 305 599 fectionis
329 559 390 598 esse
412 543 516 600 factam
539 548 588 598 aut
614 542 656 596 illi
684 541 926 613 superabundare,
953 543 1028 614 quod
1050 545 1085 602 de

177 628 285 684 minimi
312 629 455 684 vermiculi
480 635 582 683 natura
608 628 699 683 dicere
724 645 780 683 uon
808 626 949 683 audemus.
995 628 1086 693 Quare
1105 622 1134 676 ll

178 731 230 786 pro
253 731 282 770 se
303 713 365 785 ipss
390 714 430 770 ibi
448 714 524 768 iacta
543 721 585 769 est
603 718 632 769 et
648 731 705 768 non
723 713 813 768 solum
830 729 881 783 pro
897 713 1085 767 restaurandis

178 798 331 854 individuis
347 797 460 856 alterius
472 804 597 854 naturae.
627 797 711 854 Unde
723 798 817 869 palam
831 803 880 865 est,
898 797 964 869 quia
978 798 1086 853 etiamsi

177 884 295 956 angelus
313 885 408 940 nullus
425 883 566 954 periisset,
589 883 715 938 homiues
733 890 827 939 tamen
843 883 872 938 in
890 882 1003 938 coelesti
1020 882 1085 938 eivi-

177 972 237 1024 taes
260 987 342 1024 suum
364 971 458 1024 locum
482 967 653 1024 habuissent.
688 969 820 1040 Sequitur
837 967 947 1039 itaque,
971 969 1038 1040 quia
1056 969 1087 1024 in
1102 966 1138 1018 '12

179 1055 288 1128 angelis
308 1061 459 1128 antequam
477 1055 592 1126 qnidam
612 1054 721 1110 illorum
740 1055 879 1122 caderent,
896 1070 952 1108 non
964 1061 1024 1110 erat
1040 1055 1088 1111 ille

177 1140 319 1212 perlectus
335 1156 482 1211 numerns3
509 1140 634 1212 alioquin
650 1155 763 1196 necesse
782 1147 854 1210 erat,
879 1145 912 1193 ut
935 1146 984 1195 aut
1001 1141 1088 1198 bomi-

177 1243 227 1282 nes
248 1232 299 1282 aut
316 1227 411 1298 angeli
430 1226 517 1297 aliqui
536 1226 682 1281 caderent:
703 1227 835 1297 quoniam
854 1230 931 1280 extra
944 1237 1089 1282 numerum

178 1311 259 1366 illum
286 1313 442 1383 perfectum
468 1311 592 1380 nullns1)
618 1327 729 1366 manem
754 1315 873 1381 poterat.
920 1313 989 1368 Bos.
1025 1311 1088 1369 Non
1108 1311 1139 1362 1³

178 1396 249 1452 nihil
266 1397 384 1453 officiati.
404 1399 490 1452 vum.
526 1397 578 1451 Est
598 1401 627 1450 et
651 1396 708 1451 alia
724 1391 808 1466 ratio,
835 1400 868 1450 ut
884 1397 951 1452 mihi
971 1397 1089 1466 viden,

180 1499 253 1554 quae
269 1501 327 1538 non
344 1499 445 1555 parum
468 1482 639 1554 suffragatur
660 1482 702 1536 illi
724 1483 891 1553 sententiae,
915 1501 986 1555 quae
1005 1500 1089 1556 ange

178 1567 222 1622 los
239 1584 297 1623 nou
315 1585 376 1624 esse
395 1568 485 1624 factos
508 1569 537 1624 in
557 1568 682 1638 perfecto
703 1585 819 1624 numero
838 1567 984 1624 existimat
1020 1573 1088 1625 Bos.

180 1649 235 1706 Dic
254 1653 339 1708 illam.
375 1654 444 1708 Ans.
472 1653 503 1710 Si
521 1654 616 1725 angeli
634 1653 663 1708 iu
681 1653 729 1707 illo
744 1653 868 1724 perfecto
887 1671 1002 1710 numero
1021 1655 1090 1710 faeti
1110 1655 1142 1707 ts

181 1743 255 1805 sunt,
277 1743 305 1792 et
322 1737 481 1792 nullatenus
497 1737 566 1791 facti
584 1743 648 1792 sunt
667 1737 791 1792 homines
809 1739 864 1793 nisi
880 1755 931 1808 pro
950 1746 1089 1795 restaura·

180 1819 257 1875 tione
276 1822 447 1892 perditorum
465 1823 641 1893 angelorum,
661 1821 754 1892 palam
773 1828 822 1892 cst,
841 1823 907 1893 quia
922 1824 977 1877 nisi
996 1825 1091 1896 angeli

181 1906 219 1961 ab
243 1906 293 1961 illa
316 1906 491 1963 beatitudine
514 1908 694 1976 cecidissent,
719 1907 841 1962 homines
865 1909 901 1962 ad
929 1909 1007 1963 illam
1034 1927 1091 1965 non

181 1992 373 2048 ascenderent
420 1994 488 2047 Bos.
523 1992 586 2048 Hoo
614 2000 730 2048 constat
774 1993 843 2048 Ans.
880 1993 910 2050 Si
938 1995 1000 2065 quis
1026 2013 1091 2051 vero
1111 2006 1142 2057 15

184 2076 292 2146 dixerit,
312 2078 379 2150 quia
395 2084 505 2133 tantum
523 2078 701 2134 laetabuntur
716 2077 797 2133 electi
813 2077 937 2135 homines
954 2081 990 2136 de
1008 2097 1093 2152 ange-

184 2161 276 2217 lorum
298 2163 468 2235 perditione,
496 2172 631 2234 quantum
656 2162 821 2235 gaudebuut
851 2164 887 2220 de
911 2183 962 2220 sua
986 2183 1092 2220 assum·

183 2246 274 2317 tione,
300 2250 431 2320 quoniam
455 2250 562 2321 absque
587 2250 673 2305 dubio
700 2249 769 2308 haec
792 2266 848 2303 uon
874 2256 947 2305 esset
970 2251 1023 2304 nisi
1044 2251 1093 2305 illa

184 2329 299 2401 fuissot3
326 2336 464 2406 quomodo
482 2340 613 2405 poterunt
633 2336 669 2390 ab
687 2335 740 2388 hac
758 2351 889 2404 perversa
906 2327 1092 2405 gratulatione

185 2415 320 2472 defendi?
345 2427 395 2474 aut
425 2422 562 2492 quomodo
584 2423 707 2476 dicemus
727 2420 842 2491 angelos
860 2419 908 2489 qui
924 2419 1092 2490 ceciderunt,

184 2517 219 2556 ox
238 2501 396 2558 hominibus
413 2512 598 2577 restauratos,
622 2507 646 2560 si
668 2505 711 2561 illi
729 2505 788 2561 siue
809 2506 862 2560 hoc
880 2504 947 2559 vitio
966 2520 1093 2575 perman·

184 2587 243 2642 suri
262 2592 342 2642 erant
365 2590 389 2643 si
414 2607 470 2645 non
493 2592 669 2661 cecidissent,
690 2592 720 2647 id
746 2598 800 2660 cst,
825 2591 885 2646 sine
906 2590 1093 2662 gratulatione

186 2671 222 2727 de
240 2689 308 2728 casu
325 2673 459 2744 aliorum3
485 2677 534 2730 isti
557 2693 621 2732 vero
647 2677 706 2732 sine
723 2677 772 2731 illo
787 2691 847 2731 esse
867 2693 922 2731 non
943 2677 1093 2746 poterunt?

185 2756 247 2814 Inro
282 2760 404 2832 qualiter
438 2778 501 2816 cum
537 2762 590 2816 boe
627 2761 695 2817 vitio
729 2761 804 2818 beati
839 2777 899 2816 esse
933 2762 1094 2818 debebunt?
1114 2763 1145 2814 lt

184 2841 297 2900 Deinde
320 2861 376 2916 qua
401 2846 519 2901 audacia
537 2848 673 2911 dicemus,
695 2847 789 2902 Deum
806 2862 861 2901 non
882 2847 954 2902 velle
972 2855 1094 2904 autnon

184 2945 269 2998 posse
289 2930 362 2986 hanc
387 2931 616 2989 restaurationem
641 2933 699 2986 sine
721 2931 776 2987 hoc
793 2931 860 2987 vitio
877 2931 989 2989 facere?
1025 2935 1093 2988 Bor.
1114 2933 1145 2984 11

186 3011 287 3070 Nonne
310 3015 437 3072 similiter
459 3022 502 3072 est
522 3018 553 3073 iu
571 3017 709 3074 Gentibus
729 3034 800 3089 quas
822 3019 859 3073 ad
877 3017 960 3075 fidem
979 3026 1094 3075 vocans

187 3107 260 3170 suut,
282 3101 348 3172 quia
363 3102 441 3158 illam
459 3102 558 3158 Iudaei
575 3103 757 3174 repulerunt?
792 3106 861 3159 Aac.
891 3105 971 3173 Non3
987 3121 1053 3160 nam
1071 3102 1094 3156 si
1113 3104 1145 3157 18

259 3289 284 3356 1)
311 3295 389 3344 estro
419 3309 561 3346 numerum
585 3292 667 3347 illum
692 3295 848 3364 perfectum
869 3293 964 3346 nullus
983 3291 1042 3346 Aa
1058 3321 1094 3331 —

187 3365 239 3412 est.
258 3375 331 3413 aum.
342 3363 420 3430 pers.
439 3362 481 3415 ibi
496 3362 600 3417 aalma
