2640 3816
212 267 256 332 40
400 263 427 321 a.
446 263 617 326 sussum
635 224 942 322 caurusnrnusrs

213 436 320 507 absque
339 435 414 491 omni
432 434 635 500 satisfactione,
659 433 745 488 talem
763 451 872 505 semper
888 449 1049 488 mansurum
1065 431 1121 485 sni-

213 527 269 577 tem
296 521 326 576 in
350 521 526 592 paradisum,
558 520 593 575 de
618 534 673 590 quo
694 518 799 575 eiectus
822 519 929 588 fueratj
953 515 1122 572 reduceret?

164 603 283 664 13an
320 605 548 676 similitudinem,
577 605 602 660 si
618 604 695 660 Deus
717 603 771 660 hoc
793 604 911 674 faceret,
936 619 1040 674 negare
1064 618 1122 656 non

213 692 302 756 audeo
320 697 349 746 et
371 691 475 746 idcirco
499 709 563 748 cum
584 691 637 746 hoc
654 691 746 748 facero
762 708 844 762 posse
861 707 918 746 non
935 706 1036 746 annuo.
1070 687 1120 744 Vi-

215 777 328 832 deretur
357 777 431 832 enim
462 783 512 832 aut
534 777 609 849 quod
632 783 814 848 proposuerat
836 793 970 848 peragere
992 792 1049 829 non
1070 789 1120 844 po-

213 863 314 932 tuisse,
344 867 394 916 aut
422 862 488 918 boni
516 862 652 934 propositi
680 880 744 919 eum
773 862 959 934 poenituisset
992 877 1065 933 quae
1090 859 1121 913 in

162 943 197 997 ¹4
213 948 306 1003 Deum
330 947 429 1002 cadere
455 954 602 1019 nequeunt
643 950 713 1004 Ans.
747 947 825 1002 Tenc
850 946 937 1019 igitur
960 944 1120 1010 certissime,

213 1034 280 1106 quia
323 1031 381 1088 sine
421 1033 610 1090 satisfactione
643 1035 662 1089 i.
699 1051 722 1089 e,
758 1035 818 1089 sine
862 1032 949 1088 debiti
984 1030 1122 1086 solutione

215 1125 370 1191 spontanea
387 1135 438 1174 nec
456 1119 534 1176 Deus
561 1127 655 1191 potest
677 1125 824 1192 peccatum
844 1118 1012 1189 impunitum
1030 1115 1121 1170 dimit-

213 1210 273 1262 tere
294 1222 346 1261 nec
373 1211 504 1275 peccator
529 1207 567 1262 ad
589 1205 791 1262 beatitudinem
814 1205 860 1259 vel
883 1204 982 1271 talem,
1011 1201 1122 1272 qualem

178 1335 180 1340 ,
213 1290 337 1348 habebat
358 1296 507 1359 antequam
534 1297 678 1362 peccaret,
704 1291 862 1362 pervenire3
888 1307 945 1344 non
970 1288 1044 1344 enim
1068 1288 1122 1343 hoc

215 1375 297 1430 modo
326 1380 502 1445 repararetur
526 1376 609 1432 homo
634 1377 680 1431 vel
705 1377 798 1446 talias
812 1375 903 1448 qualis
932 1375 1025 1430 fuerat
1056 1379 1121 1430 ante

164 1462 196 1515 ¹5
214 1465 371 1532 peccatum.
419 1463 488 1514 Bos.
522 1461 688 1517 Rationibus
715 1461 771 1516 tuis
799 1460 908 1517 omnino
933 1458 1122 1516 contradicere

214 1561 271 1602 non
286 1561 408 1616 possum.
445 1544 501 1601 Sed
520 1547 589 1617 quid
608 1551 664 1618 est,
684 1548 759 1620 quod
777 1548 894 1603 dicimus
913 1547 988 1602 Deo:
1014 1545 1121 1598 dimitte

212 1632 295 1685 ¹cobis
318 1632 412 1685 debita
438 1633 580 1700 nostrast)
605 1639 634 1688 et
655 1634 745 1688 omnis
764 1651 834 1706 gens
854 1639 914 1690 orat
929 1632 1021 1687 Deum
1040 1647 1122 1702 quem

164 1723 198 1774 16
215 1718 311 1787 credit,
329 1724 362 1773 ut
379 1717 501 1772 dimittat
518 1717 572 1772 sibi
589 1720 726 1790 peccata?
752 1720 783 1776 Si
800 1719 875 1775 eni-m
894 1718 1026 1775 solvimus
1047 1715 1122 1788 quod

216 1803 362 1872 debemus,
386 1819 436 1858 cur
454 1821 576 1874 cramus,
600 1810 632 1860 ιιι
650 1804 791 1860 dimittat?
826 1803 971 1876 Numquid
988 1803 1065 1858 Deus
1082 1801 1122 1857 in·

215 1889 305 1944 iustus
324 1893 381 1957 est,
405 1894 438 1943 ut
462 1890 562 1946 iterum
581 1890 675 1961 exigat
691 1891 765 1962 quod
786 1890 907 1960 solutum
926 1889 991 1944 ost?
1026 1887 1056 1943 Si
1074 1904 1122 1942 au·

214 1980 272 2030 tem
288 1991 345 2029 non
367 1974 515 2045 solvimus,
539 1991 589 2028 cur
612 1973 717 2035 frustra
739 1992 863 2044 oramus,
887 1982 918 2031 ut
935 1974 1020 2030 faciat
1039 1973 1124 2044 quod,

165 2067 198 2118 17
215 2059 284 2130 quia
300 2077 356 2114 non
375 2058 523 2127 convenit,
548 2059 640 2114 facere
663 2075 720 2112 non
741 2059 853 2128 potest?
887 2062 958 2116 Ans.
992 2060 1047 2126 Qui
1066 2075 1123 2114 non

217 2144 313 2213 solvit,
338 2143 442 2198 frustra
460 2144 539 2199 dicit:
567 2144 692 2213 dimittc5
715 2144 764 2214 qui
787 2151 880 2200 autem
898 2145 992 2215 solvit,
1018 2145 1123 2217 suppli·

162 2281 164 2290 ,
214 2234 276 2308 cat,
301 2229 431 2300 quoniam
447 2229 500 2284 hoc
517 2230 609 2300 ipsum
626 2229 747 2300 pertinet
772 2231 809 2284 ad
825 2231 990 2288 solutionem
1006 2237 1039 2286 ut
1058 2248 1123 2300 sup·

215 2315 315 2386 plicet3
332 2331 397 2368 nam
415 2315 493 2371 Deus
512 2313 582 2369 nulli
599 2314 751 2386 quidquam
768 2317 860 2386 debet,
878 2316 928 2370 sed
945 2316 1034 2372 omnis
1048 2331 1123 2371 crea·

216 2407 280 2456 tura
304 2400 347 2456 illi
374 2399 473 2467 debet3
504 2405 534 2455 et
554 2399 620 2454 ideo
643 2417 699 2455 non
723 2401 836 2471 expedit
860 2401 977 2471 homini,
1003 2405 1036 2456 ιιι
1057 2405 1125 2472 agat

165 2494 199 2546 18
218 2503 282 2545 cum
304 2486 382 2557 Dco,
411 2485 644 2557 quemadmodum
669 2503 721 2556 par
746 2503 810 2541 cum
834 2487 904 2558 pari.
939 2487 996 2545 Sed
1018 2487 1124 2542 dehoc

216 2591 274 2628 non
292 2577 334 2628 est
357 2589 427 2642 opus
450 2587 525 2626 nune
549 2570 601 2625 tibi
623 2572 798 2642 respondere.
832 2571 903 2627 Cum
928 2573 1001 2628 enim
1022 2587 1123 2644 cogno-

218 2675 291 2727 sces,
317 2675 367 2712 cur
386 2656 511 2712 Christus
532 2662 656 2712 mortuus
682 2660 738 2727 est,
761 2657 879 2713 forsitan
902 2675 953 2731 per
969 2665 999 2714 te
1015 2655 1124 2713 videbis

165 2755 200 2806 19
217 2741 293 2815 quod
310 2725 439 2813 'quaeris
482 2745 551 2799 Bos.
588 2741 698 2798 sufficit
725 2759 794 2814 ergo
813 2761 888 2800 nunc
909 2744 1020 2814 mihi‚²)
1049 2742 1125 2815 quod

217 2827 253 2882 de
272 2827 325 2881 hac
342 2828 504 2898 quaestione
528 2827 687 2899 respondes.
722 2827 804 2893 Quod
821 2835 915 2886 autem
930 2831 1026 2884 nullus
1042 2829 1125 2883 homo

161 2960 164 2967 ,,
217 2913 255 2968 ad
279 2911 481 2968 beatitudinem
503 2913 649 2985 pervenire
673 2919 759 2984 quest
777 2932 841 2972 cum
857 2921 972 2986 peccato
989 2918 1038 2968 aut
1055 2913 1126 2967 solvi

216 3015 237 3053 a
251 3003 382 3070 peccato,
409 2997 463 3053 nisi
483 2999 572 3053 solvat
589 2998 665 3070 quod
681 3000 774 3070 rapuit
790 3000 946 3073 peccando,
969 2999 1010 3054 sic
1030 3002 1126 3068 aperte

216 3083 387 3154 monstrasti,
404 3089 445 3153 ut,
462 3080 571 3139 etiamsi
587 3083 678 3154 velim,
695 3101 752 3141 non
768 3087 873 3158 possim
890 3085 1026 3142 dubitare.

288 3261 313 3322 li
335 3257 476 3326 Merme,
499 3262 536 3313 12.

286 3329 314 3397 2)
335 3326 505 3385 SicAsbc
524 3324 664 3380 Burs.
