2640 3816
370 309 448 371 coo
464 309 565 370 onos
587 309 706 368 nono.
742 311 765 364 1.
787 293 829 368 io?
847 317 887 367 eo.
1041 312 1082 378 41

254 533 325 618 20·
366 567 437 620 Aac.
472 564 534 621 Hoc
559 581 670 637 quoque
690 583 747 621 non
771 566 926 635 dubitabis,
953 571 986 621 ut
1007 573 1116 638 putc‚1

177 653 245 724 quia
262 651 415 708 secundum
433 666 591 706 mensnram
611 653 721 722 peccati
744 659 853 723 oportet
869 653 1085 708 satisfactionem

179 755 248 794 esse.
282 738 351 792 Boe.
369 736 462 792 Aliter
480 735 656 808 aliquatenus
675 737 862 791 inordinatum
879 743 1003 794 maneret
1022 755 1084 811 pec·
1103 747 1118 796 2

178 829 286 893 catum,
317 823 392 893 quod
420 835 480 874 esse
502 837 558 876 non
580 827 686 892 potest,
716 822 739 876 si
752 822 844 878 „Deus
868 823 938 878 nihil
954 824 1087 898 relinquit
1223 817 1227 826 ’

177 908 365 965 inordinatum
386 906 416 962 in
437 923 524 976 regno
549 923 609 961 suo.
618 908 638 978 ¹)
674 907 731 964 Sed
747 908 801 963 hoc
819 916 862 966 cst
882 909 1085 979 praestitutum,
1103 917 1119 969 3

178 995 245 1067 quia
271 993 425 1065 quamlibet
448 1009 566 1063 parvum
592 992 790 1050 inconveniens
820 995 850 1048 in
871 994 934 1050 Deo
959 995 1087 1066 impossi-

178 1081 236 1136 bile
258 1087 308 1135 est
343 1079 412 1133 Ana.
447 1077 502 1131 Dic
520 1093 600 1149 ergo,
624 1078 692 1149 quid
713 1079 802 1136 solves
820 1079 881 1135 Deo
904 1098 954 1150 pro
970 1087 1085 1151 peccato

175 1166 246 1223 tuo?
281 1168 350 1221 Bos.
385 1161 602 1231 Poenitentiam,
624 1179 673 1218 cor
690 1164 839 1219 contritum
855 1170 884 1220 et
902 1163 1085 1238 humiliatum,
1103 1172 1121 1221 4

179 1250 362 1306 abstinentias
387 1255 416 1304 et
443 1247 620 1302 multimodos
647 1247 757 1304 labores
782 1249 903 1319 corporis
928 1256 957 1306 ct
981 1253 1087 1308 miseri-

178 1337 301 1392 cordiam
321 1334 406 1390 dandi
425 1340 453 1388 et
470 1333 628 1390 dimittendi
645 1340 674 1390 et
693 1334 888 1390 obedientiam.
923 1339 993 1394 Aac.
1011 1338 1087 1404 Quid
1105 1343 1120 1394 5

177 1423 208 1478 in
223 1422 267 1476 his
285 1422 412 1478 omnibus
430 1420 481 1474 das
500 1418 582 1474 Deo?
618 1421 686 1474 Boc.
721 1419 768 1475 An
789 1437 845 1475 non
862 1422 965 1477 honoro
985 1422 1087 1495 Deam,

85 1511 89 1517 ⁴
179 1507 291 1579 quando
311 1512 425 1577 propter
440 1506 568 1560 timorem
591 1505 651 1560 eius
675 1510 703 1560 et
728 1522 849 1562 amorem
866 1507 895 1561 in
914 1509 1004 1563 cordis
1023 1527 1086 1565 con·

178 1592 289 1648 tritione
309 1590 445 1646 laetitiam
467 1591 647 1661 temporalem
670 1591 786 1661 abiicio,
809 1593 839 1646 in
863 1591 1038 1649 abstinentiis
1058 1601 1087 1649 et

178 1677 321 1732 laboiibuc
338 1675 535 1731 delectationes
559 1679 589 1729 et
612 1676 734 1748 quietem
758 1676 840 1730 buius
856 1677 931 1732 vitae
945 1679 1037 1747 calco,
1058 1679 1088 1732 in

180 1763 272 1818 dando
290 1766 319 1816 et
333 1760 497 1814 dimittendo
522 1776 593 1831 quae
611 1777 672 1815 mea
689 1766 755 1815 sunt
768 1761 886 1833 largior,
912 1762 941 1816 in
958 1762 1088 1818 obedien·

175 1845 219 1903 'tis
244 1848 381 1918 meipsum
409 1845 451 1898 illi
476 1845 613 1901 subiicio?
653 1849 723 1902 Aac.
758 1843 829 1902 Cum
855 1847 948 1902 reddis
972 1848 1121 1920 aliquid,e

180 1934 255 2005 qnod
274 1933 360 1988 debes
377 1932 439 1986 Deo
458 1930 565 1986 etiamsi
589 1948 645 1987 non
670 1932 805 2003 peccasti,
831 1948 888 1986 non
909 1932 994 1988 debes
1015 1950 1087 1989 com·

178 2025 278 2092 putare
294 2019 348 2074 hcc
364 2034 416 2089 pro
432 2017 534 2085 debito,
561 2017 637 2087 quod
655 2018 740 2074 debes
759 2035 810 2089 pro
827 2024 952 2088 peccam.
988 2019 1089 2076 Omnia
1106 2029 1121 2078 7

178 2111 272 2160 autem
292 2103 347 2158 ista
370 2103 455 2159 debes
474 2102 550 2172 Deo,
572 2118 645 2174 quae
661 2100 739 2156 dicis.
774 2101 883 2157 Tantus
902 2119 1021 2176 namque
1042 2106 1087 2161 de-

179 2190 227 2245 bet
245 2206 307 2244 esse
323 2188 353 2243 in
370 2189 422 2243 hac
440 2188 550 2244 mortali
566 2188 625 2243 vita
647 2203 739 2257 amor,
765 2188 847 2242 etad
871 2191 945 2260 qaod
967 2191 1089 2261 pertinet

180 2274 280 2340 oratio,
306 2273 473 2330 desidendum
491 2272 671 2345 perveniendi
688 2272 771 2326 adid
788 2273 824 2326 ad
846 2276 921 2344 quod
939 2275 1030 2331 factus
1049 2293 1087 2342 es,

179 2363 209 2416 et
228 2361 306 2415 dolor
324 2361 390 2432 quia
406 2359 531 2417 nondum
548 2358 588 2413 ibi
606 2375 644 2426 es,
665 2362 693 2412 et
711 2357 794 2411 timor
812 2375 848 2413 ne
860 2377 917 2415 non
933 2361 1088 2432 pervenias,

179 2453 212 2502 ut
228 2445 335 2500 nullam
353 2446 488 2502 laetitiam
506 2444 609 2500 sentire
626 2442 729 2498 debeas
747 2443 801 2498 nisi
818 2445 853 2500 dc
869 2443 927 2513 his,
946 2461 1018 2515 quae
1035 2445 1088 2502 tibi

179 2537 230 2587 aut
247 2530 381 2586 auxilinm
400 2535 449 2585 aut
466 2545 544 2599 spem
564 2527 632 2582 dant
648 2530 836 2599 perveniendi.
863 2529 926 2585 Non
946 2531 1020 2585 enim
1032 2549 1088 2587 me·
1106 2539 1121 2591 8

180 2617 249 2672 reris
266 2614 384 2684 habere,
408 2617 484 2686 quod
502 2632 559 2670 non
576 2613 729 2670 secundum
746 2615 822 2685 quod
839 2620 882 2670 est
900 2631 978 2672 amas
996 2624 1024 2672 et
1041 2619 1088 2674 de-

181 2702 294 2771 sideras,
315 2707 344 2756 et
363 2699 398 2756 de
416 2715 481 2772 quo,
505 2699 571 2770 quia
587 2699 710 2754 nondum
727 2699 814 2755 habes
838 2706 868 2756 et
886 2701 978 2758 adhuc
994 2711 1088 2759 utrum

179 2787 325 2842 habiturus
351 2785 388 2842 sis
416 2801 453 2838 an
476 2800 533 2838 non
554 2785 583 2839 in
607 2789 686 2838 tanto
709 2800 739 2840 es
762 2784 899 2855 periculo,
922 2805 977 2842 non
1002 2789 1088 2846 doles.

180 2870 227 2926 Ad
245 2869 321 2943 quod
339 2869 423 2924 etiam
447 2871 581 2939 pertinet,
605 2870 727 2941 quietem
750 2875 779 2925 ct
796 2870 992 2929 delectationes
1009 2893 1088 2930 mun·
1105 2884 1121 2934 9

181 2957 280 3027 danes,
304 2972 377 3026 quae
393 2956 515 3010 animum
531 2955 567 3010 ab
584 2956 634 3010 illa
651 2972 718 3011 vera
739 2956 831 3029 quiete
853 2963 881 3012 et
905 2959 1088 3018 delectatione

180 3048 324 3112 revocant,
353 3042 460 3114 fugere,
492 3041 547 3096 nisi
577 3048 712 3114 quantum
741 3043 778 3097 cd
810 3043 991 3102 intentionem
1021 3046 1088 3101 illuc

179 3127 359 3199 perveniendi
383 3125 529 3199 cognoscis
553 3125 688 3184 sufficere.
723 3128 872 3184 Daticnem
897 3145 963 3186 vero
984 3131 1025 3186 ita
1041 3130 1088 3186 de·
1108 3132 1139 3183 10

181 3211 232 3268 bes
250 3214 426 3270 considerare
443 3219 472 3284 te
489 3212 582 3268 facere
601 3229 634 3268 ex
653 3212 755 3284 debito,
773 3214 846 3270 sicut
863 3214 1005 3287 intelligis,
1023 3214 1090 3286 quia

254 3369 277 3436 1)
296 3366 370 3424 Vide
386 3363 470 3441 supra
489 3385 512 3423 c.
535 3371 574 3437 12,
595 3372 619 3424 3.
