2640 3816
398 289 475 350 cUR
491 290 593 350 Duos
612 291 731 350 HOMO.
767 292 912 352 1.1s.1o.
1061 291 1104 358 39

196 479 325 536 possum
352 464 402 520 sed
427 481 538 520 sensmn
564 482 659 521 sorum
681 463 722 520 itu
745 462 871 536 cogitare
885 477 1008 533 nequeo,
1032 462 1104 517 sicut

195 548 347 606 falsitatem
364 567 420 604 non
443 567 557 620 possum
580 549 737 622 intelligere
760 549 906 606 veritatem
930 565 998 604 esse
1033 548 1102 602 Am.
1122 552 1138 602 6

195 636 259 694 Non
274 636 357 690 deoct
380 651 446 707 ergo
465 635 570 705 Deum,
592 635 732 690 hominem
755 639 917 705 peccantem
939 633 999 690 sine
1024 634 1103 688 satis·

196 721 317 777 iaotione
343 721 381 776 ad
406 722 636 778 restaurationem
659 720 823 792 angelorum
850 736 992 776 assumere
1011 717 1102 790 perdi·

195 815 301 876 torum3
320 807 451 879 qnoniam
468 825 524 864 non
542 807 649 879 patitur
659 806 762 864 veritas
775 824 839 863 eum
856 805 943 862 levari
954 805 991 860 ad
1002 821 1105 876 aequa-

195 893 303 949 litatem
321 893 474 949 beatorum.
484 895 504 961 ¹)
539 894 608 947 Bos.
625 893 672 949 Sic
689 892 810 948 ostendit
827 893 907 948 ratio.
942 893 1012 947 Aac.
1035 891 1138 947 Gon-'i

198 981 291 1036 sidera
309 980 393 1036 etiam
411 979 441 1034 in
459 978 518 1034 solo
536 977 647 1034 homine
665 977 724 1034 sine
741 978 795 1033 hoc
814 979 908 1051 quia¹)
925 977 1009 1034 debet
1020 993 1104 1050 ange

196 1065 231 1120 lis
249 1066 373 1136 aequari,
391 1071 485 1120 utrum
502 1081 566 1120 eum
582 1063 676 1119 taliter
686 1063 765 1120 Deus
782 1064 819 1119 ad
843 1063 1046 1120 beatitudinem
1064 1062 1105 1116 ul·

197 1149 254 1204 lam
278 1149 325 1204 vel
340 1149 438 1221 talem,
463 1150 574 1221 qualem
591 1149 715 1206 habebat
731 1153 881 1221 antequam
897 1155 1038 1221 peccaret,
1059 1149 1105 1204 de·

196 1234 264 1290 beat
287 1234 458 1305 provehere?
505 1238 574 1292 Boe.
609 1235 664 1290 Dic
687 1241 720 1291 tu
745 1235 821 1307 quod
837 1234 971 1306 cogitas,
996 1241 1026 1290 et
1051 1251 1104 1305 ego

197 1319 379 1376 considerabo
400 1327 484 1394 prout
505 1327 610 1392 potero,
646 1325 715 1376 Ans.
751 1321 891 1379 Ponamus
918 1318 1033 1376 divitem
1055 1319 1141 1375 ali-8

197 1423 280 1478 quem
299 1406 328 1462 in
345 1425 430 1464 manu
449 1414 543 1463 tenere
560 1407 740 1479 margaritam
757 1397 914 1478 pretiosam,
934 1423 1018 1478 quam
1029 1421 1106 1460 nun-

196 1508 281 1563 quam
306 1493 425 1564 pollutio
447 1494 507 1548 ulla
529 1494 623 1566 tetigit
648 1509 788 1566 quamque
810 1492 904 1548 nullus
925 1488 999 1548 ¹alius
1019 1492 1108 1563 possit

196 1593 326 1634 amovere
352 1579 387 1634 de
413 1596 498 1635 manu
522 1581 582 1636 eius
606 1578 661 1634 nisi
684 1579 746 1649 ipso
774 1578 964 1649 permittente3
991 1585 1020 1633 st
1043 1595 1106 1634 eam

199 1662 329 1734 disponat
353 1663 503 1720 recondere
525 1663 555 1718 in
576 1663 738 1718 thesaurum
762 1680 856 1732 suum,
880 1663 930 1718 ubi
954 1670 1020 1720 sunt
1042 1663 1106 1718 oha-

197 1747 308 1803 rissima
328 1755 357 1804 et
376 1747 576 1819 pretiosissima
593 1763 666 1818 quae
681 1748 814 1820 possidet.
849 1752 918 1803 Boe.
937 1747 1036 1818 Cogito
1053 1748 1107 1803 hoc

197 1832 275 1888 velut
292 1839 358 1890 aute
379 1850 437 1889 nos.
472 1834 542 1889 Ana.
578 1831 667 1903 Quid,
693 1835 717 1888 si
739 1834 799 1905 ipse
823 1835 966 1904 permittat
989 1835 1141 1892 eandemi)

124 1962 128 1972 .
197 1918 376 1992 margaritam
403 1919 553 1992 abaliquo
584 1919 679 1976 invido
705 1919 797 1976 excuti
825 1921 861 1976 de
891 1937 976 1976 manu
1001 1938 1053 1977 sua
1077 1923 1107 1977 in

197 2021 329 2075 coenum,
360 2023 425 2060 cum
454 2004 615 2076 prohibere.
629 2005 761 2076 possit;¹)
790 2023 824 2062 ac
854 2013 952 2080 postea
982 2025 1044 2064 eam
1071 2008 1107 2066 de

196 2107 284 2146 eoono
307 2108 418 2146 sumens
436 2089 573 2160 pollutam
595 2094 624 2146 et
646 2107 702 2147 non
724 2091 810 2148 lotam
830 2093 859 2149 in
874 2093 997 2164 aliquem
1013 2093 1106 2150 locum

197 2176 431 2231 suum‘mundum
448 2180 477 2232 et
496 2175 618 2246 charum,
636 2177 767 2250 deinceps
787 2179 864 2234 illam
882 2180 924 2234 sic
936 2186 1107 2251 servatium,

197 2262 346 2317 recondat:
361 2275 362 2278 ’
373 2260 523 2333 putabisne
545 2260 625 2316 illum
649 2262 824 2334 sapientem?
858 2268 926 2320 Boo.
963 2265 1106 2331 Quomodo
1126 2270 1158 2320 10

198 2346 253 2401 hoo
270 2347 400 2417 possum?
426 2363 492 2402 nam
508 2363 600 2402 nonne
618 2354 692 2410 esset
710 2349 778 2404 satis
797 2349 905 2418 melius,
922 2356 955 2404 ut
973 2348 1106 2420 margari-

198 2437 257 2486 tam
277 2448 362 2497 suam
373 2433 505 2488 mundam
529 2437 638 2489 teneret
661 2438 690 2489 et
709 2442 832 2491 servaret
848 2452 933 2507 quam
948 2433 1105 2505 pollutam?

200 2517 271 2571 Aoo.
303 2517 403 2574 Nonne
417 2517 544 2574 similiter
560 2517 666 2574 faomet
683 2519 776 2590 Deus,
801 2521 849 2592 qui
865 2518 1003 2575 hominem
1021 2535 1105 2592 ange·
1127 2525 1157 2577 11

198 2601 234 2656 iis
260 2600 423 2657 sociandum
445 2603 505 2660 sine
527 2609 645 2676 peccato
670 2604 750 2674 quasi
773 2604 803 2658 in
825 2619 910 2659 manu
927 2621 978 2660 sua
995 2606 1109 2662 tenebat

199 2686 230 2742 in
255 2687 388 2759 paradiso
416 2695 443 2744 et
469 2689 602 2761 permisit,
629 2694 662 2744 ut
687 2705 822 2745 accensus
846 2688 953 2744 invidia
979 2689 1107 2766 diabolus

201 2791 266 2830 eum
282 2773 313 2828 in
331 2772 420 2829 lutum
445 2775 553 2844 peccati
576 2773 702 2847 quamvis
720 2773 938 2829 consentientem
956 2775 1108 2832 deiiceret?

201 2859 232 2916 si
248 2859 322 2915 enim
343 2858 492 2930 prohibere
514 2860 599 2917 vellet
626 2859 779 2928 diabolum,
801 2875 858 2914 non
883 2867 979 2932 posset
1000 2869 1108 2918 tentare

200 2943 347 3000 hominem.
382 2942 490 3014 Nonne,
508 2944 631 3016 inquam,
651 2946 777 3002 similiter
796 2947 909 3017 faceret,
926 2948 950 3002 si
967 2948 1107 3003 hominem
1127 2944 1160 2996 12

200 3029 308 3098 peccati
347 3029 428 3085 sorde
463 3031 633 3086 maculatum
669 3032 729 3088 sine
760 3032 835 3088 omni
866 3033 1006 3090 lavatione
1035 3033 1053 3089 i.
1081 3049 1106 3088 e.

270 3220 459 3301 Mentoreos
476 3217 558 3302 Aba
574 3217 809 3275 BCDEFa—
825 3221 958 3276 horrorum
974 3220 1031 3274 Aa
1048 3218 1107 3274 Fb.

268 3288 296 3423 ἓξ
314 3289 448 3412 titt?
491 3303 637 3412 iiim·
655 3285 743 3344 ⁰⁰⁶⁶·
