2640 3816
213 283 257 350 78
398 279 425 366 ε,
443 273 614 336 nussum
631 273 938 362 onnwmrausrs

144 439 195 502 '14
212 451 269 508 Sed
295 449 420 508 videmus
444 454 572 516 monde,
607 447 673 518 quia
702 446 778 518 quod
805 445 882 500 Deus
912 443 1122 502 immutabiliter

211 535 287 606 vult,
310 554 365 604 non
388 537 483 608 potest
504 549 561 588 non
583 549 660 602 asse,
686 531 737 587 sed
755 548 867 587 necasse
885 536 1012 585 estesse.
1048 527 1121 594 Qua·

210 627 324 693 propter
349 620 373 674 si
396 619 475 674 Deus
500 616 589 673 voluit
619 620 652 671 ut
679 615 727 672 ille
754 616 836 689 homo
866 622 1035 685 moreretur,
1064 630 1122 670 non

161 703 194 755 15
210 704 304 777 potuit
322 721 378 760 non
395 705 473 759 mori.
508 705 578 762 Am.
606 701 649 757 Ex
669 719 710 772 ao,
729 701 795 774 quia
809 701 899 756 Filius
917 701 971 757 Dei
991 699 1122 756 assumsit

210 790 350 846 hominem
379 806 413 844 ea
440 790 583 846 voluntate
608 795 641 844 ut
671 794 839 857 moraretur,
870 787 973 859 probas
1002 786 1122 843 eundem

210 875 350 932 hominem
377 892 434 931 non
460 875 584 946 potuisse
610 891 666 929 non
690 873 768 928 mori.
812 875 881 928 Bos.
917 871 961 927 Ita
987 870 1121 942 intelligo.

162 962 194 1015 16
212 962 283 1016 Ana.
301 960 348 1014 An
365 976 422 1016 non
439 959 565 1015 similiter
588 957 718 1032 apparuit
743 974 776 1013 ex
799 957 842 1012 bis
865 974 937 1030 quae
955 956 1121 1026 dictasunt,

210 1046 315 1102 Filium
332 1043 386 1099 Dei
409 1050 438 1100 et
458 1042 613 1100 'assumtum
631 1044 770 1099 hominem
787 1061 872 1098 unam
888 1058 948 1098 esse
965 1057 1121 1113 personam,
1141 1111 1143 1115 7

211 1137 244 1185 ut
260 1130 335 1184 idem
354 1129 390 1185 sit
407 1129 485 1186 Deus
505 1135 534 1186 et
550 1130 641 1197 homo,
668 1129 743 1186 filius
761 1129 816 1184 Dei
835 1134 864 1184 at
882 1115 1008 1198 virginis
1026 1125 1120 1182 filius?

163 1218 281 1273 17'1302.
321 1214 368 1271 sic
391 1221 442 1270 eat
477 1216 563 1271 Am:
585 1214 664 1271 Idem
691 1214 778 1288 igitur
799 1214 882 1269 homo
908 1229 959 1266 sua
978 1211 1122 1267 voluntate

163 1306 194 1358 18
212 1319 268 1358 non
303 1299 395 1373 potuit
429 1318 486 1356 non
519 1299 593 1362 mori
623 1307 651 1355 et
686 1306 812 1356 mortuus
849 1303 899 1354 est
960 1297 1028 1351 Bos.
1067 1297 1122 1353 Ne-

211 1402 280 1459 gare
302 1403 418 1458 nequeo.
453 1387 523 1440 Am.
561 1384 698 1451 Quoniam
726 1403 792 1458 ergo
816 1385 945 1440 voluntas
963 1380 1018 1437 Dei
1043 1381 1122 1436 nulla

211 1470 377 1527 necessitate
401 1469 470 1525 facit
493 1469 600 1542 aliquid
619 1472 669 1526 aod
695 1487 746 1526 sna
768 1475 918 1542 potestate,
940 1473 969 1523 et
992 1468 1121 1522 voluntas

211 1555 287 1610 illius
314 1556 369 1610 fuit
396 1556 526 1611 voluntas
545 1555 614 1626 Dei,
642 1555 721 1612 nulla
747 1557 913 1612 necessitate
936 1558 1061 1609 mortuus
1080 1556 1123 1607 est

162 1640 195 1692 19
211 1640 261 1696 sed
290 1640 350 1697 sola
379 1658 430 1697 sua
461 1645 606 1713 potestate
643 1644 712 1696 Boo.
743 1641 1041 1713 Argumentationibus
1065 1639 1121 1694 tuis

212 1725 325 1782 obviare
353 1739 479 1799 nequeot
506 1744 572 1782 nam
597 1745 649 1784 nec
676 1727 878 1798 propositiones
901 1744 970 1798 quas
993 1725 1122 1798 praemit·

211 1811 266 1882 tis,
294 1828 347 1867 neo
366 1813 578 1886 consequentias
603 1830 672 1884 quas
697 1813 796 1882 infers,
821 1812 960 1867 ullatenus
983 1809 1123 1866 infirmare

160 1899 194 1953 20
211 1897 299 1954 valeo
335 1897 392 1954 Sed
407 1903 501 1953 tamen
518 1898 571 1952 hoo
588 1897 656 1952 mihi
681 1915 789 1969 semper
814 1896 933 1952 ocem-rit
955 1897 1031 1968 quod
1050 1897 1121 1950 dixi:

212 1983 280 2054 quia
302 1982 326 2038 si
351 1983 435 2039 vellet
461 1999 519 2037 non
537 1983 620 2052 mori,
645 2000 700 2038 non
720 1981 810 2054 magis
828 1982 881 2037 hoo
899 1987 1007 2054 posset,
1038 1998 1122 2052 quam

211 2085 269 2123 non
287 2085 346 2123 esse
365 2067 441 2137 quod
457 2075 532 2133 erat3
559 2085 624 2123 vere
640 2084 761 2139 namque
778 2066 927 2122 moriturus
946 2072 1017 2136 erat,
1036 2083 1123 2136 quon-

181 2191 184 2200 i
211 2149 269 2204 iam
286 2149 311 2204 si
328 2167 393 2206 vere
411 2167 467 2205 non
484 2150 584 2207 fuisset
602 2151 759 2222 moriturus,
778 2169 836 2207 non
851 2150 950 2207 fuisset
970 2168 1036 2206 vera
1052 2149 1121 2204 fides

211 2233 324 2290 futurae
343 2234 439 2290 mortis
457 2234 531 2308 eius,
553 2253 604 2309 par
622 2254 706 2308 quam
725 2241 754 2292 et
772 2237 822 2294 illa
838 2237 927 2308 Virgo
945 2225 980 2292 de
1000 2253 1056 2307 qua
1073 2253 1122 2290 na·

160 2317 192 2372 21
211 2325 324 2389 tuaest,
351 2324 379 2374 et
404 2319 452 2374 alii
474 2321 555 2376 multi
580 2323 707 2378 mundati
728 2330 827 2380 sunta
847 2329 972 2393 peccato.
1007 2321 1080 2378 Nam
1098 2321 1123 2376 si

178 2401 180 2408 ⁴
211 2423 278 2461 vera
301 2422 358 2460 non
381 2403 494 2476 fuisset,
517 2406 588 2462 nihil
611 2409 743 2480 prodesse
766 2407 912 2480 potuisset.
947 2405 1122 2478 Quapropter

211 2491 236 2544 si
254 2490 348 2563 potuit
365 2508 421 2546 non
440 2490 522 2561 mori,
543 2492 636 2564 potuit
663 2493 756 2549 faeere
779 2511 836 2549 non
852 2509 912 2547 esse
930 2507 1027 2546 verum
1046 2491 1122 2563 quod

92 2629 94 2634 .
160 2579 194 2630 22
211 2591 307 2630 verum
333 2581 401 2630 erat.
436 2577 505 2631 Aua.
544 2575 636 2642 Quare
658 2596 753 2634 verum
777 2584 837 2635 erat
861 2583 1011 2650 antequam
1035 2594 1121 2632 more-

210 2664 300 2730 retur,
329 2659 569 2733 quiasmoriuuos
593 2662 672 2717 erat?
712 2665 781 2718 Bos.
818 2662 956 2728 Quoniam
979 2661 1033 2718 hoc
1059 2661 1120 2732 ipse

159 2750 194 2802 23
211 2751 309 2816 sponte
335 2746 423 2802 voluit
449 2752 477 2802 et
504 2746 671 2803 immutabili
695 2747 847 2804 voluntate.
881 2750 951 2804 Ana.
989 2747 1020 2804 Si
1044 2763 1119 2818 ergo,

211 2827 285 2882 sieut
304 2829 387 2902 diois,
411 2831 516 2887 idcirco
532 2849 588 2887 non
605 2831 697 2905 potuit
714 2851 770 2888 non
786 2832 873 2903 mori,
897 2833 964 2905 quia
980 2849 1047 2904 vere·
1063 2850 1119 2888 mo·

210 2911 315 2967 riturus
337 2921 404 2986 erat,
430 2921 458 2970 et
477 2915 540 2971 ideo
558 2934 622 2972 vere
641 2923 701 2973 erat
718 2919 879 2990 moriturus,
906 2920 972 2990 qnia
990 2917 1043 2973 hoo
1060 2918 1121 2989 ipse

211 3003 311 3069 sponte
338 3005 366 3054 et
390 3001 598 3059 immutabiliter
621 3003 726 3068 voluit3
752 2997 877 3076 sequitur
902 3004 981 3058 illum
1003 3003 1070 3058 non¹
1084 3001 1120 3057 ob
1189 3031 1190 3038 1

211 3084 288 3139 aliud
316 3101 372 3140 non
404 3087 528 3157 potuisse
564 3105 620 3144 non
655 3087 737 3158 mori,
771 3087 825 3142 nisi
855 3087 923 3159 quia
953 3087 1121 3143 immutabili

160 3173 195 3225 24
211 3171 355 3226 voluntate
377 3170 466 3226 voluit
487 3173 564 3228 mori
608 3175 677 3228 Bos.
712 3173 758 3229 Ita
781 3179 836 3243 est;
861 3174 912 3230 sed
937 3189 1121 3246 quaeeunque

212 3254 297 3313 fuerit
317 3274 409 3328 causa,
429 3263 588 3315 summost
605 3259 784 3333 tamenquia
801 3275 858 3314 non
870 3259 962 3330 potuit
973 3275 1029 3315 non
1042 3259 1121 3329 mori,

161 3344 195 3396 25
213 3347 242 3396 et
258 3360 371 3400 necessa
388 3343 443 3400 fuit
459 3343 539 3398 illum
555 3345 633 3426 mori
668 3350 737 3402 Aua.
760 3345 850 3403 Nimis
869 3344 967 3402 haeres
987 3346 1016 3400 in
1034 3343 1120 3400 nihilo
