2640 3816
253 307 295 378 74
352 307 356 311 ’
433 302 460 360 s.
476 298 648 360 ιιιιιιιι
665 291 972 358 endromidis
1009 248 1012 266 Δ

250 459 407 546 qni'iemen
434 478 476 528 est
498 471 538 526 ‘de
560 471 671 525 illorum
694 487 808 542 genere,
831 475 863 524 ιιι
885 469 978 524 nullm
993 483 1098 526 eorum
1111 460 1158 524 'fa-

250 575 312 615 cere
332 558 422 630 possit
437 557 512 612 nude
530 556 626 611 mortis
643 556 848 626 damnationem
866 551 981 620 evadam
998 553 1046 608 ille
1064 559 1158 609 antem

246 645 297 716 'qui
315 644 391 698 solue
409 649 451 698 cet
470 643 617 711 innocens,
641 647 748 696 tantam
765 639 841 712 apud
860 655 954 712 regem
974 638 1078 694 habeat
1094 651 1158 710 gre-

248 729 330 796 tiam,
349 733 382 780 ut
399 725 502 796 possit,
519 733 548 782 et
563 731 672 782 tantam
689 727 867 783 dilectionem
884 741 951 798 erga
967 741 1042 793 reor,
1059 730 1092 778 ιιι
1111 741 1158 780 re·

248 813 396 868 litomnes
413 810 462 882 qui
480 811 596 866 credent
616 829 667 867 suo
686 812 815 880 oonsilio,
837 809 1017 866 reconciliare
1037 809 1158 880 quodam

249 897 361 974 serpitio
381 895 434 966 ipsi
453 896 611 968 reginalde
633 897 780 967 placituro,
805 897 880 969 quod
894 879 1027 950 'facturus
1050 901 1092 950 est
1113 894 1159 950 die

200 987 231 1039 18
249 981 401 1036 secundum
428 981 599 1038 voluntatem
626 983 701 1054 regis
728 989 839 1038 statuto.
880 981 918 1035 Et
942 977 1073 1052 quoniam
1101 994 1159 1034 non

250 1083 344 1122 omnes
373 1073 490 1136 possunt
521 1067 570 1139 qni
598 1069 795 1136 reconcssiandi
826 1073 892 1122 sunt
919 1066 956 1121 ad
983 1065 1057 1122 diem
1081 1065 1159 1120 illurn

249 1151 412 1222 convenire3
443 1153 572 1208 concedit
600 1170 649 1208 rex
663 1161 786 1226 ¹propter
807 1151 1028 1225 magnitudinem
1053 1150 1159 1205 servitii

248 1238 339 1307 illius,
365 1243 397 1292 ιιι
421 1237 579 1310 quicunque
605 1240 651 1296 vel
674 1245 739 1294 ante
762 1238 807 1292 vel
824 1243 888 1307 post
905 1235 979 1291 diem
997 1236 1073 1290 ilium
1090 1252 1157 1292 con·

248 1322 315 1379 fessi
341 1322 456 1390 fuerint,
480 1339 510 1377 se
534 1323 605 1378 velle
626 1340 677 1393 per
703 1324 773 1378 illud
799 1340 876 1394 opus
893 1323 967 1412 quod
987 1338 1021 1376 ea
1036 1321 1083 1376 die
1100 1321 1157 1392 fiet,

249 1409 360 1462 veniam
386 1408 534 1478 impetrare
562 1414 603 1480 et
614 1408 651 1462 ed
673 1415 787 1480 pactum
810 1407 850 1463 ibi
872 1393 1054 1462 constitutum
1079 1423 1157 1462 aoce-

224 1491 329 1561 dere,
354 1491 390 1545 ab
413 1491 487 1544 omni
503 1493 587 1562 culpa
604 1493 660 1548 sint
676 1495 798 1548 absoluti
816 1493 979 1566 praeterita;
1002 1499 1032 1550 et
1048 1492 1072 1547 si
1090 1507 1156 1548 con·

247 1573 344 1647 tigerit
369 1582 402 1629 ιιι
428 1575 589 1645 posthanc
615 1578 726 1634 veniam
745 1581 845 1636 iterum
871 1583 1001 1650 peccent,
1029 1577 1053 1630 si
1071 1575 1158 1648 digne

250 1660 411 1716 satisfacere
437 1667 465 1716 et
491 1661 592 1733 corrigi
619 1663 750 1734 deinceps
775 1663 927 1732 voluerint,
956 1679 1007 1758 per
1032 1661 1181 1718 eiusdem

244 1746 325 1817 pacti
349 1746 502 1802 efficaciam
524 1747 625 1804 iterum
647 1751 757 1804 veniam
778 1749 928 1820 recipiant,
952 1747 992 1806 sio
1015 1752 1109 1802 tumen
1125 1751 1158 1800 ut

249 1833 343 1887 nullur
363 1833 498 1902 palatium
518 1834 576 1889 eius
598 1835 783 1906 ingrediatur,
814 1834 902 1890 donee
923 1833 1029 1888 factum
1052 1831 1157 1888 sithoc

201 1914 232 1965 19
249 1919 325 1974 unde
343 1918 442 1990 culpae
463 1921 627 1975 relaxentur.
667 1921 826 1978 Secundum
849 1921 921 1975 hanc
941 1917 1157 1988 similitudinem,

250 2003 382 2074 quoniam
407 2021 464 2060 non
494 2010 646 2076 potuerunt
676 2023 769 2061 omnes
798 2006 923 2060 homines
940 2003 1014 2074 ¹qui,
1030 1995 1162 2058 salvandi

252 2095 331 2142 erant
348 2095 508 2158 praesentes
528 2105 602 2159 esse,
629 2092 740 2161 quando
763 2090 961 2146 redemtionem
983 2089 1060 2145 illam
1080 2087 1157 2144 ouri-

250 2176 309 2225 stus
328 2171 407 2242 feeit,
431 2178 511 2228 tanta
534 2174 588 2229 fuit
605 2175 648 2229 vis
665 2176 694 2230 in
714 2175 772 2230 eius
786 2181 888 2244 morte,
910 2179 943 2228 ut
961 2173 1046 2228 etiam
1062 2173 1092 2226 in
1108 2173 1157 2228 ab·

194 2279 206 2289 ·’
241 2263 352 2312 ιιιιιοιΙ
368 2259 413 2314 vel
441 2257 503 2314 loco
526 2259 572 2314 vel
593 2265 719 2331 tempore
742 2261 801 2316 eius
825 2259 1007 2330 protendatur
1033 2259 1157 2316 effectus.

198 2337 233 2390 2⁰
251 2341 331 2408 Quod
358 2351 451 2400 autem
478 2361 534 2399 non
559 2345 648 2400 solum
673 2335 866 2418 praesentibus
891 2346 1023 2417 prodesse
1047 2345 1157 2415 debeat,

248 2428 314 2487 hinc
342 2429 425 2486 facile
452 2430 641 2502 cognoscitur,
669 2431 817 2504 quianon
842 2436 886 2485 tot
911 2435 1072 2500 praesentes
1097 2447 1158 2486 esse

196 2537 201 2544 ·
249 2515 309 2570 ciue
335 2515 417 2571 morti
441 2510 604 2587 potnerunt,
637 2523 705 2588 quot
732 2516 768 2571 ad
792 2532 929 2588 supernae
951 2515 1070 2570 civitatis
1093 2531 1157 2570 oon·

250 2602 429 2656 etr-actionem
452 2600 602 2656 necessarii
620 2607 699 2670 sunt3
725 2601 833 2657 etiamsi
855 2616 950 2656 omnes
967 2601 1016 2672 qui
1033 2601 1158 2657 eiusdem

250 2687 345 2741 mortis
362 2691 488 2758 tempore
505 2687 665 2758 ubicunq-ue
684 2692 772 2755 erant,
799 2685 836 2740 ad
860 2685 939 2740 iliam
958 2686 1158 2742 redemtionem

152 2815 154 2822 ,
200 2766 230 2817 21
249 2771 469 2827 admitterentur.
511 2773 610 2828 Plures
635 2771 709 2828 enim
736 2775 801 2826 sunt
823 2771 971 2826 daemones
996 2787 1095 2842 qnam,
1122 2771 1158 2827 de

251 2855 353 2925 quibus
377 2860 575 2912 restaurandus
600 2864 644 2913 eet
662 2871 795 2912 numerus
814 2865 928 2926 eorum,
955 2860 990 2912 eu
1015 2857 1060 2914 die
1082 2856 1158 2910 vive·

200 2941 233 2992 22
250 2947 313 2996 rent
335 2939 465 2998 hominos.
506 2943 567 3001 Nec
592 2943 761 2998 credendum
783 2947 836 3012 est,
861 2959 894 2998 ex
917 2956 975 3014 ¹quo
1000 2941 1092 2996 faetus
1110 2948 1159 2998 'est

186 3031 188 3034 ’
250 3026 332 3082 homo
346 3026 437 3081 ullum
456 3033 570 3098 tempus
594 3028 693 3098 fluisse,
717 3041 773 3099 quo
796 3029 917 3083 mundus
932 3028 986 3084 iste
1002 3040 1158 3082 eumenet-

194 3123 197 3137 '
247 3113 320 3169 turis
345 3129 417 3185 quae
444 3113 536 3169 iactae
558 3119 624 3168 enni
649 3113 686 3168 ad
711 3127 778 3168 usus
803 3109 958 3182 hominnm,
987 3111 1037 3168 sic·
1053 3119 1158 3167 vacuus

249 3199 355 3266 inisset,
376 3205 408 3255 nt
424 3199 518 3254 nuilus
537 3206 610 3255 esset
627 3199 656 3254 in
673 3199 722 3254 illo
739 3215 773 3254 ex
790 3198 911 3255 humano
930 3212 1031 3270 genero
1050 3197 1088 3254 ad
1105 3198 1158 3252 hoc

196 3277 231 3338 ἰιι
244 3287 402 3356 pertirrens,
427 3291 541 3358 propter
559 3285 634 3358 quod
652 3285 746 3341 factus
763 3291 807 3341 est
822 3285 911 3340 homo.
948 3283 1070 3341 Videtur
1085 3283 1158 3364 enim

249 3370 445 3429 inconveniens
474 3370 550 3444 qood
574 3370 652 3426 Deus
683 3371 729 3428 vel
756 3387 815 3427 uno
839 3376 977 3427 momento
1002 3369 1160 3443 permiserit
