2640 3816
485 291 704 364 nunnunmc
722 293 912 360 neruosus
952 296 956 301 ’
1150 296 1171 354 r

216 461 266 528 dis
287 461 444 548 intentus,
472 464 571 530 firmis
596 471 628 531 et
649 464 798 550 infirmis,
827 465 917 542 sanis
940 471 972 530 ct
992 465 1115 532 insanis
1136 487 1172 534 se

215 548 377 630 praestitit
407 555 532 633 patrem
571 549 779 632 omnibusque
811 549 956 618 exhibuit
990 552 1173 636 exemplum

175 658 179 666 ·
216 633 398 701 sanctarum
420 633 572 702 virtutum
590 634 751 701 exercitiis
773 633 946 700 imitabile.w
969 635 1090 720 Magna
1104 637 1174 704 eius

216 716 320 799 gloria
351 719 598 802 circumquaque
633 720 814 804 percrebuit
840 728 936 802 atque
964 721 1071 788 multis
1101 742 1173 788 con-

216 802 323 868 silium
344 809 376 870 et
398 804 540 870 solamen
561 803 761 888 requisituris
783 825 896 872 ansam
918 805 1006 870 dedit
1031 825 1103 872 eum
1116 806 1173 872 ad-

216 886 313 952 eundi
354 888 490 972 privatis
534 889 708 973 colloquiis.
754 926 797 936 —
838 888 1054 968 Quadriennio
1099 897 1175 975 post

154 1044 157 1050 ¹
216 972 337 1037 obitum
356 973 616 1058 Lcnfranci‚·qui
639 975 679 1040 ab
701 974 831 1040 aloto
852 975 894 1040 ad
916 994 945 1039 a.
969 975 1050 1040 1089
1072 996 1174 1059 usque

217 1056 401 1124 cathedram
432 1059 696 1126 cantuariensem
724 1059 921 1143 obtinuerat,
949 1059 1121 1126 Anselmus
1154 1082 1175 1142 a

216 1141 375 1208 Guilelmo
417 1143 511 1209 huius
554 1145 691 1210 nominis
736 1145 875 1212 seeundo
911 1145 1048 1228 Angliae
1087 1166 1174 1229 rego,

217 1227 424 1294 suadentibus
452 1229 650 1313 principibus
678 1234 710 1294 et
738 1228 987 1296 acclamantibus
1010 1230 1096 1296 clero
1116 1230 1174 1296 lai·

217 1312 343 1396 cisque,
376 1313 635 1398 archiepiscopus
671 1311 859 1397 designatus
886 1333 925 1378 ac
954 1312 1058 1398 pridie
1090 1316 1174 1383 Non.

215 1397 384 1464 Decembr.
419 1419 448 1462 a.
472 1398 554 1464 1093
588 1398 781 1464 Cantuariae
814 1398 855 1466 ab
891 1399 1052 1483 episcopis
1081 1400 1175 1484 regni

216 1490 420 1548 consecratus
447 1489 505 1549 est.
554 1483 677 1550 Graves
705 1490 812 1550 autem
842 1502 914 1556 eum
940 1483 1015 1548 inde
1044 1504 1095 1564 ex,
1114 1485 1175 1552 hoc

216 1587 345 1632 munere
374 1587 467 1634 susce
491 1574 523 1632 to
549 1574 734 1638 manserunt
763 1587 934 1634 aerumnae
963 1575 995 1634 et
1015 1569 1176 1638 miseriae.

215 1652 329 1734 Neque
356 1653 442 1717 enim
466 1589 536 1718 beri
561 1653 679 1737 potuit,
708 1653 784 1735 quin
814 1653 1052 1720 ecclesiasticae
1080 1637 1174 1720 liber-

215 1736 291 1802 tatis
313 1743 548 1834 propugnator,
579 1756 676 1820 quum
698 1737 1056 1814 libidinibusGuilelmi
1077 1739 1174 1809 deva

215 1820 339 1886 standrs
365 1821 572 1888 ecclesiarum
605 1821 698 1888 bonis
723 1821 989 1906 oppimendisquo
1016 1829 1176 1898 monaste.

214 1905 271 1971 riis
291 1912 323 1970 et
345 1905 491 1991 pecuniis
509 1927 568 1990 per
589 1907 655 1972 vim
676 1906 845 1992 exigendis
860 1905 980 1972 assueti
1001 1907 1177 2057 oe'moeoeb

214 1989 248 2056 ln
269 1990 408 2070 firrorcm
436 1991 609 2068 concitaret
629 1992 753 2076 regiam
773 1997 921 2057 mentem.
964 1989 1071 2069 Quare
1095 1991 1160 2056 nih'

214 2076 337 2159 mirum,
360 2076 389 2142 si
413 2096 512 2160 saepe
533 2083 729 2161 protestatus
751 2083 800 2144 est
823 2096 858 2142 se
879 2075 1032 2142 maluisse
1053 2077 1087 2142 in
1102 2097 1175 2144 eon-

215 2161 403 2246 gregationc
440 2162 665 2228 monachorum
704 2162 796 2245 pueri
831 2162 901 2226 loco
937 2161 1019 2226 inter
1057 2181 1175 2244 pueros

215 2247 274 2311 sub
304 2246 398 2329 virga
424 2246 570 2328 magistri
598 2266 718 2331 pavere
764 2265 860 2329 quam
893 2266 951 2330 per
979 2248 1176 2330 pastoralem

152 2411 153 2416 ἵ
216 2349 326 2402 curam
346 2331 406 2397 toti
427 2331 613 2396 Britanniae
639 2337 804 2414 praeatus
833 2331 867 2398 in
894 2336 1052 2396 conventu
1073 2351 1173 2428 popu-

215 2415 318 2480 lorum
358 2415 530 2481 cathedrae
571 2415 748 2499 pontificali
782 2415 975 2500 praesidere
1032 2415 1176 2482 Marma

215 2499 298 2566 inter
319 2520 429 2582 regem
457 2507 489 2566 et
511 2500 787 2586 archiepiscopum
807 2499 848 2564 de
868 2499 999 2564 Urbano
1019 2498 1063 2562 ΙΙ.
1083 2499 1176 2584 Papa

159 2632 161 2638 -
215 2585 419 2668 agnoscendo
447 2592 560 2651 exorta
590 2606 650 2650 nec
677 2587 783 2653 soluta
806 2583 965 2650 dissensio
985 2583 1091 2665 coegit
1110 2583 1175 2662 An·

216 2671 363 2753 selmum,
393 2670 492 2736 variis
518 2669 778 2737 tribulationibus
801 2669 880 2734 satis
908 2667 1086 2751 defessum,
1115 2670 1175 2738 sub

132 2829 134 2836 y
214 2754 312 2820 finem
333 2775 362 2818 a.
386 2755 466 2818 1097
489 2753 641 2838 Angliam
661 2755 840 2837 relinquere
860 2759 892 2818 et
914 2752 957 2817 ad
975 2752 1085 2818 sedem
1099 2760 1189 2838 apc'ri¹

216 2839 362 2906 stolicam
393 2839 573 2922 coningere.
627 2840 696 2905 Nec
725 2841 845 2905 Romae
873 2837 949 2902 exul
980 2836 1066 2920 qnod
1091 2857 1175 2904 sum-

193 2959 196 2968 ·
215 2944 345 3009 mopere
368 2924 511 3010 expetiit,
533 2931 569 2988 ut
588 2944 683 2990 onere
698 2923 963 3009 archiepiscopali
977 2921 1175 3011 liberaretur,

217 3029 371 3076 asummo
381 3007 533 3093 pontifice
543 3008 736 3158 impetravit.
757 3008 829 3074 Etsi
840 3015 948 3073 autem
959 3007 1107 3072 Urbanus
1118 3027 1177 3094 per

216 3094 379 3160 biennium
398 3114 472 3160 oum
491 3113 568 3176 rege
612 3114 631 3160 e
652 3093 804 3162 Ausclmo
822 3089 1020 3159 restituendo
1040 3098 1073 3156 et
1094 3111 1175 3176 pace

216 3179 373 3244 ecclesiae
412 3179 618 3244 Britannicae
648 3176 899 3262 redintegranda
934 3183 1063 3242 strenue
1099 3174 1175 3259 egit,

215 3268 324 3330 tamen
350 3283 460 3330 omues
510 3281 600 3330 reces
626 3263 733 3329 minae
763 3279 801 3329 ac
830 3263 956 3328 labores
987 3260 1021 3325 in
1050 3277 1176 3325 cassum

215 3347 406 3432 reciderunt.
501 3348 627 3416 enricus
671 3345 798 3436 denium
825 3345 975 3442 primns,
1026 3340 1177 3438 Guilelmi
