2640 3816
361 317 366 348 ·'
399 321 476 381 OUR
494 321 595 380 Deus
614 319 734 378 HOMO.
766 318 808 375 Π
827 321 889 378 lta
1030 387 1031 390 Ἴ
1056 317 1098 386 75

189 493 342 549 humanum
367 511 456 565 genus
483 499 512 549 et
536 507 570 548 ea
592 508 665 564 quae
680 489 748 547 lecit
764 495 878 563 propter
893 503 975 542 usum
994 503 1097 560 eorum,
1133 477 1136 514 ³

191 578 345 651 dequibus
363 595 483 650 superna
506 578 609 634 civitas·
627 575 798 650 perficienda
814 579 870 646 est,
896 573 976 644 quasi
994 572 1099 629 frustra

119 671 121 685 ’
191 665 321 721 extitisse.
364 665 438 724 Nam
461 665 636 736 aliquatenus
665 663 694 718 in
722 679 825 717 vanum
848 679 908 718 esse
930 661 1098 731 viderentur,
1116 668 1149 720 24

193 751 326 820 quamdiu
345 770 400 809 non
420 742 527 806 adhoc
550 757 664 822 propter
686 748 761 820 quod
779 747 896 803 maxime
913 747 988 801 facta
1007 751 1099 802 essent

190 835 351 891 viderentur
374 837 532 894 subsistere.
572 836 641 889 Bos.
678 833 848 908 congruenti
873 822 980 889 ratione
1000 839 1029 888 ot
1053 833 1099 887 cui
1116 839 1149 890 25

191 907 436 995 nibil'repugnare
452 922 563 978 videtur
586 925 738 988 monstras,
762 917 870 974 nullum
887 935 1011 992 unquam
1029 923 1098 974 tcm-

81 1040 84 1046 ·
191 1025 246 1078 pus
263 1007 349 1063 fuisse
371 1025 404 1064 ex
421 1025 476 1081 quo
502 1006 595 1063 factus
622 1011 664 1062 est
686 1005 768 1060 homo
794 1003 900 1074 absque
918 1003 1024 1076 aliquo,
1051 1003 1100 1074 qui

192 1092 229 1147 ad
255 1110 317 1148 eam
345 1094 496 1165 pertineret
525 1093 594 1163 (sine
625 1108 681 1162 qua
704 1089 797 1145 factus
821 1095 895 1145 esset
917 1106 989 1146 vane
1011 1088 1099 1144 omnis

192 1177 286 1245 bomo)
315 1178 583 1246 reconciliationem
619 1177 694 1247 quod
728 1193 785 1232 uon
816 1176 904 1232 solum
933 1175 1099 1231 conveniens

195 1261 245 1318 scd
272 1262 356 1318 etiam
383 1265 570 1320 necessarium
603 1280 663 1319 esse
687 1278 834 1334 possumus
861 1259 1033 1317 concludere.
1070 1253 1150 1316 8126

193 1346 266 1402 onim
291 1350 498 1406 convenientius
524 1354 554 1405 et
576 1347 769 1404 rationabilius
797 1354 839 1404 est
861 1347 914 1401 hoc
939 1361 1024 1417 quam
1050 1345 1100 1400 ali-

194 1432 306 1505 quando
330 1435 438 1491 nullum
462 1436 562 1506 fuisse,
585 1436 620 1491 de
645 1451 701 1507 quo
724 1434 841 1490 intentio
859 1433 914 1489 Dei
939 1446 995 1504 qua
1013 1429 1100 1487 homi·

192 1532 257 1574 nem
273 1517 343 1574 feeit
360 1521 551 1591 perficeretur,
574 1538 627 1578 uec
645 1527 687 1576 est
705 1520 810 1591 aliquid
828 1519 903 1591 quod
920 1517 985 1573 huic
1006 1516 1101 1573 obviet

193 1605 311 1674 ratioui3
333 1621 447 1661 necesse
470 1613 513 1661 est
535 1623 645 1679 semper
669 1605 849 1677 aliquem-ad
867 1603 1039 1675 praedictam
1057 1619 1100 1656 ro·

194 1690 414 1745 conciliationem
431 1691 616 1762 pertinentem
633 1692 726 1747 fuisse.
755 1691 839 1748 Unde
857 1690 949 1743 Adam
968 1695 997 1744 et
1012 1687 1100 1760 Euam
1118 1687 1151 1738 2⁷

194 1771 232 1826 ad
254 1772 331 1829 illam
353 1776 521 1845 pertinuisse
547 1776 746 1833 redemtionem
770 1774 954 1832 dubitandum
976 1759 1100 1839 nonest,

195 1859 320 1929 quamvis
343 1860 397 1915 hoo
421 1863 573 1918 auotoritas
601 1863 695 1918 divina
715 1867 810 1934 aperte
827 1878 883 1918 uon
897 1858 1099 1931 pronunciata

195 1945 264 2000 Aua
283 1945 451 2004 Incredibile
474 1965 585 2021 quoque
601 1949 725 2019 videtur,
755 1948 866 2020 quando
884 1945 961 2001 Deus
980 1943 1043 1997 illos
1061 1940 1100 1997 fe·
1118 1946 1151 1998 28

195 2031 234 2087 cit
257 2037 286 2088 et
307 2033 453 2104 proposuit
472 2033 681 2091 immutabiliter
706 2035 798 2090 facere
817 2033 852 2088 de
868 2029 924 2086 illis
941 2044 1034 2084 omnes
1053 2027 1101 2084 ho·

195 2117 291 2186 mines,
310 2135 379 2189 quos
396 2119 433 2173 ad
445 2119 592 2176 coelestem
605 2121 746 2178 civitatem
757 2123 929 2175 assumturus
941 2124 1009 2186 erat,
1026 2115 1100 2188 quod

193 2199 255 2256 illos
277 2203 346 2257 duos
367 2204 404 2258 ab
427 2203 479 2259 boo
505 2204 652 2262 excluserit
669 2207 819 2278 proposito.
856 2207 924 2260 Bos.
963 2203 1022 2258 Imo
1039 2203 1101 2258 illos
1118 2206 1151 2258 29

194 2287 313 2344 maxime
331 2289 368 2343 ad
385 2290 438 2345 hoc
458 2290 559 2347 fecisse
577 2293 654 2346 credi
668 2292 758 2362 debet,
777 2299 809 2348 ut
820 2297 912 2348 essent
923 2290 958 2346 de
969 2289 1025 2344 illis
1038 2304 1101 2359 pro·

194 2379 259 2442 pter
277 2390 347 2445 quos
363 2373 432 2430 facti
447 2381 521 2437 suut.
555 2377 625 2432 Aac.
658 2377 735 2434 Beue
757 2377 922 2434 consideras.
957 2373 1044 2432 Nulla
1059 2378 1101 2427 ta-
1118 2378 1151 2430 30

195 2475 260 2516 meu
287 2459 379 2514 anima
405 2465 473 2538 *aute
498 2468 614 2520 mortem
641 2461 744 2520 Christi
770 2463 931 2534 paradisum
954 2461 1101 2517 coelestem

125 2592 126 2600 ,
195 2544 305 2617 ingredi
326 2545 431 2616 potuit,
460 2545 531 2601 sieut
554 2565 638 2620 supra
660 2549 717 2604 dixi
736 2550 771 2606 do
788 2549 862 2621 regis
879 2547 994 2619 palatio.
1032 2549 1100 2602 Bos.
1118 2550 1149 2603 31

196 2628 242 2686 Sic
259 2636 393 2686 tenemus.
428 2633 497 2688 Aac.
525 2633 615 2706 Virgo
634 2643 727 2691 autem
744 2635 805 2704 illa,
828 2635 862 2690 de
882 2652 938 2706 qua
956 2632 1003 2689 ille
1018 2632 1101 2688 homo

196 2714 335 2770 assumtis
352 2723 394 2772 est
412 2717 447 2772 de
466 2735 522 2790 quo
538 2719 686 2793 loquimur,
703 2720 758 2776 snit
777 2720 812 2776 de
829 2721 884 2776 illis
902 2719 950 2793 qui
969 2723 1035 2775 ante
1052 2735 1101 2774 ns-

196 2799 333 2856 tivitatem
359 2802 419 2858 eius
443 2822 494 2875 par
510 2815 573 2861 eum
596 2807 722 2862 mundati
742 2813 808 2862 sunt
825 2823 842 2862 a
858 2805 997 2878 peccatis,
1024 2810 1053 2861 et
1072 2805 1102 2860 in

198 2887 257 2942 eius
275 2889 337 2960 ipsa
350 2889 486 2945 munditia
510 2891 545 2947 de
568 2891 616 2947 illa
642 2900 780 2948 assumtus
798 2899 846 2948 est
885 2893 953 2947 Bos.
972 2889 1102 2947 Placeret
1119 2889 1151 2940 3²

197 2973 266 3028 mibi
284 2975 401 3029 multum
418 2975 497 3048 quod·
512 2975 581 3031 dicis
600 2977 663 3046 nisi,
681 2977 823 3048 cumipse
841 2977 943 3033 debeat
962 2993 980 3032 a
998 2977 1102 3048 seipso

197 3056 301 3116 habere
328 3059 493 3117 munditiam
523 3079 541 3118 a
569 3069 703 3134 peccato,
730 3062 840 3132 videtur
868 3079 929 3120 eam
956 3062 1059 3118 babere
1085 3076 1103 3114 a

269 3253 295 3313 1)
317 3251 432 3307 Irenaeo
459 3251 531 3320 (adv.
553 3249 628 3306 haer.
651 3257 679 3320 1,
705 3253 760 3320 30.)
782 3256 854 3307 teste
877 3245 1013 3306 Tatianu's
1036 3260 1103 3317 apo·

197 3315 292 3388 logeta
331 3319 558 3391 interpretatione
578 3319 633 3374 loci
653 3319 766 3376 Paulini
791 3326 813 3377 1.
839 3319 900 3376 Cor.
920 3323 961 3386 it,
978 3320 1020 3372 22.
1039 3331 1103 3370 cou-

197 3391 272 3442 torta
293 3357 434 3459 deceptus,
450 3390 557 3462 primus
574 3389 659 3445 saluti
676 3387 844 3446 corltradirit
859 3385 1032 3460 protoplasti.
1062 3447 1065 3453 ,
