2640 3816
186 293 228 342 ΧΠ
456 289 675 358 ΡΒΔΕΕΑΤῙΟ
693 289 880 350 suffossa

186 461 326 528 auctoris
348 461 489 530 studium
513 482 548 528 se
572 461 615 528 ad
643 460 766 545 gradus
783 462 939 528 lectorum
958 445 1148 530 eruditionis

185 547 293 615 varios
318 545 548 614 accomodaudi
567 547 662 612 laude
684 548 770 613 omui
791 547 923 630 dignum
947 554 980 612 et
1000 567 1041 612 ex
1055 547 1145 612 ansis

185 631 251 696 illis
277 633 308 700 ei
340 631 382 698 ad
413 631 616 698 scribendum
644 632 728 699 datis
756 631 966 702 derivandum
992 653 1034 698 ne
1056 630 1146 699 mini·

185 736 273 782 mum
308 716 437 800 quidem
470 717 630 783 contraxit
665 716 815 784 damnum
854 715 1034 782 admirabili
1066 737 1148 796 sane

185 801 355 868 subtilitati
384 803 704 886 argumentationum.
758 802 897 886 Egregie
926 810 960 868 et
986 801 1146 886 exquisite

185 886 218 952 S.
240 889 318 954 Ven.
338 887 443 952 Haase
454 891 478 965 1)
500 893 655 954 tractatus
676 894 867 960 structuram
895 888 942 953 ita
967 886 1148 972 desumpsit,

184 977 221 1036 ut
252 977 381 1056 praeter
400 972 573 1056 Prologum
601 970 646 1056 (I,
672 974 803 1051 1-10)
832 979 865 1038 et
892 972 1064 1058 Epilogum
1088 970 1147 1055 (Il,

187 1054 352 1141 lto-22)
396 1070 458 1122 tres
499 1063 654 1123 statueret
695 1064 818 1141 partes,
865 1077 999 1140 quarum
1041 1055 1146 1141 prima

186 1137 227 1225 (1,
251 1138 391 1226 11-19)
414 1141 665 1214 satisfactionem
687 1143 806 1208 evincit
828 1142 1055 1226 conditionem,
1077 1140 1147 1206 sine

186 1246 252 1308 qua
279 1226 424 1292 remissio
451 1234 656 1312 peccatorum
677 1226 747 1292 fieri
768 1248 832 1292 non
856 1226 976 1312 possit;
1004 1225 1148 1302 secunda

186 1309 227 1396 (Ι,
248 1311 398 1397 20-24)
417 1311 579 1378 homiuem
604 1318 805 1396 peccatorem
832 1311 1028 1378 demonstrat
1048 1332 1147 1460 guam

186 1396 304 1462 debeat
325 1399 395 1464 Deo
415 1397 667 1468 satisfactionem
687 1418 744 1481 pro
766 1404 900 1481 peccato
922 1417 994 1462 earn
1012 1417 1047 1463 re
1070 1396 1146 1462 dore

187 1480 319 1564 nequire
342 1488 375 1547 et
394 1481 456 1547 nisi
479 1481 654 1547 reddiderit
676 1482 796 1547 salvari
817 1503 880 1548 nou
903 1482 1028 1566 valere,
1051 1480 1148 1548 tertia

186 1565 325 1648 denique
349 1565 411 1652 (II,
435 1565 562 1650 1-15)
592 1566 751 1632 neminem
777 1566 937 1633 concludit
956 1568 1019 1648 nisi
1041 1569 1148 1634 Deum

186 1649 347 1718 hominem
381 1671 516 1735 eumque
553 1652 739 1718 crucifixum
774 1652 1025 1718 satisfactionem
1058 1653 1148 1718 illam

186 1736 328 1802 debitam
359 1736 430 1804 Deo
461 1744 626 1822 praestare
662 1757 701 1806 ac
732 1737 842 1804 mundi
871 1745 1006 1823 peccata
1039 1737 1148 1804 delere

185 1842 291 1907 posse.
335 1821 540 1900 Quaestionis
569 1842 724 1890 summam
751 1824 835 1890 Boso
862 1824 1035 1889 collocutor
1054 1824 1090 1888 L.
1113 1824 1147 1890 II

186 1927 212 1970 c.
237 1907 275 1970 17
300 1927 323 1972 s.
344 1907 365 1971 f.
388 1914 482 1972 acute
512 1906 766 1990 comprehendit;
795 1907 1045 1974 misericordiam
1071 1927 1147 1974 vero

186 1991 250 2056 Dei
269 1991 412 2056 iustitiae
427 1990 616 2057 concordem
630 1991 691 2056 hoe
706 1997 845 2055 tractatu
861 2011 896 2056 se
911 2013 975 2056 uon
991 1994 1148 2058 evertisse

133 2087 137 2095 '
186 2074 245 2142 sed
275 2095 340 2157 qua
367 2095 427 2159 par
454 2081 504 2139 est
533 2075 656 2140 ratione
679 2075 857 2144 astruxisse
880 2083 990 2144 auctor
1011 2075 1068 2160 (II,
1091 2075 1147 2161 20)

186 2159 352 2225 evidenter
373 2166 406 2224 et
428 2157 567 2224 dilucide
589 2153 782 2240 ostendit.²)‘

189 2321 193 2328 ,
254 2245 385 2310 Gabriel
410 2242 575 2322 Garbaton,
597 2245 772 2329 Presbyter
793 2265 832 2310 aa
848 2245 1023 2312 Monachus
1045 2246 1146 2312 Bene·

186 2328 326 2394 dictinus
359 2348 401 2394 ex
434 2327 691 2414 Congregatione
720 2329 752 2396 S.
783 2331 903 2414 Mauri,
937 2332 993 2414 qui
1026 2349 1086 2398 sua
1115 2331 1146 2398 S.

185 2414 331 2480 Anselmi
358 2413 499 2499 Operum
528 2414 667 2482 editione
679 2413 704 2500 ³)
738 2417 857 2500 optimc
892 2437 950 2500 pro
977 2436 1012 2482 re
1038 2417 1148 2484 critica

259 2721 282 2781 1)
303 2719 435 2788 „Anselm
452 2737 478 2772 v.
498 2717 702 2790 Canterbury.“
720 2717 758 2788 Π,
779 2725 828 2774 572
845 2737 886 2790 sq.

199 2859 202 2866 ,
257 2808 286 2869 2)γ
302 2803 358 2859 cfr.
378 2803 632 2872 „Geschiehtliches
650 2821 699 2858 aus
721 2804 771 2858 der
787 2803 954 2860 Versdhnun
990 2836 999 2845 ·
1016 2805 1074 2859 und
1092 2803 1147 2859 Ge·

186 2873 454 2998 {ugtbnnggsllglgia
497 2875 669 2998 Αἲεοίέητιεέ*
697 2874 740 2928 in:
769 2874 955 2998 „gengebac
975 2892 994 2929 e
1013 2873 1148 2928 Kirchen-
1183 2909 1188 2914 -

210 2959 314 3012 eruug.
437 2981 444 2996 .
478 2962 505 2998 n.
544 2961 690 3000 -.max.
706 2959 770 3016 pag.
808 2954 881 3014 ‘sq.

259 3027 286 3096 3)
312 3027 426 3095 „Sanmi
443 3028 572 3082 Aocclmi
592 3028 636 3084 Ex
659 3028 795 3084 Bacccusi
811 3028 924 3085 Abbate
941 3025 1148 3084 Cantaurianos
1193 3035 1196 3038 .
1228 3031 1233 3040 .

188 3095 400 3166 Archiepiscopi
418 3095 510 3166 Opera
522 3097 580 3152 Nec
599 3097 807 3153 Non-Esdmeri
826 3096 957 3152 Monachi
968 3093 1148 3151 cantuarien·

188 3165 226 3219 sis
245 3163 368 3220 Historia
382 3163 536 3234 Noveram,
558 3165 596 3220 Et
622 3166 678 3220 alia
701 3165 849 3236 opuscula:
876 3165 986 3220 Labore
1003 3181 1037 3219 ac
1054 3163 1148 3218 studio

188 3234 224 3289 D.
244 3233 381 3290 Gabrielis
404 3234 548 3290 Gerberoo
565 3233 640 3289 Mon.
652 3233 754 3306 Congr.
770 3234 797 3292 S.
815 3233 907 3292 Mauri
924 3235 961 3290 ad
978 3233 1044 3290 Mas.
1064 3232 1149 3292 fidem

188 3311 344 3376 expurgata
372 3311 400 3359 et
431 3310 521 3357 aucta.
566 3302 696 3359 Secunda
733 3303 818 3357 editio
848 3310 973 3359 correcta
1001 3311 1030 3359 et
1057 3310 1148 3358 aucta

186 3373 316 3430 Lutetiae
334 3371 504 3434 Parisiorum
521 3402 557 3412 —
573 3371 777 3431 macoma
862 3414 865 3419 .
