<?xml version="1.0" encoding="UTF-8"?>
<!DOCTYPE html PUBLIC "-//W3C//DTD XHTML 1.0 Transitional//EN"
    "http://www.w3.org/TR/xhtml1/DTD/xhtml1-transitional.dtd">
<html xmlns="http://www.w3.org/1999/xhtml" xml:lang="en" lang="en">
 <head>
  <title>
</title>
<meta http-equiv="Content-Type" content="text/html;charset=utf-8" />
  <meta name='ocr-system' content='tesseract 3.04.00' />
  <meta name='ocr-capabilities' content='ocr_page ocr_carea ocr_par ocr_line ocrx_word'/>
</head>
<body>
  <div class='ocr_page' id='page_1' title='image "./sanselmicantuar02laemgoog_0116.png"; bbox 0 0 2640 3816; ppageno 0'>
   <div class='ocr_carea' id='block_1_1' title="bbox 356 313 1084 386">
    <p class='ocr_par' dir='ltr' id='par_1_1' title="bbox 356 313 1084 386">
     <span class='ocr_line' id='line_1_1' title="bbox 356 313 1084 386; baseline 0.004 -14"><span class='ocrx_word' id='word_1_1' title='bbox 356 315 434 373; x_wconf 81' lang='lat' dir='ltr'><strong>OUB</strong></span> <span class='ocrx_word' id='word_1_2' title='bbox 451 313 551 374; x_wconf 82' lang='lat' dir='ltr'>DEUS</span> <span class='ocrx_word' id='word_1_3' title='bbox 570 314 687 373; x_wconf 87' lang='lat' dir='ltr'><strong>HOMO.</strong></span> <span class='ocrx_word' id='word_1_4' title='bbox 712 315 760 373; x_wconf 67' lang='lat'><strong>11„</strong></span> <span class='ocrx_word' id='word_1_5' title='bbox 776 319 892 375; x_wconf 78' lang='lat'><strong>&#39;19—21.</strong></span> <span class='ocrx_word' id='word_1_6' title='bbox 1042 319 1084 386; x_wconf 84' lang='grc'><strong>91</strong></span> 
     </span>
    </p>
   </div>
   <div class='ocr_carea' id='block_1_2' title="bbox 159 484 1120 981">
    <p class='ocr_par' dir='ltr' id='par_1_2' title="bbox 185 484 1120 897">
     <span class='ocr_line' id='line_1_2' title="bbox 185 484 1085 561; baseline 0.002 -19"><span class='ocrx_word' id='word_1_7' title='bbox 185 493 243 542; x_wconf 87' lang='lat' dir='ltr'><strong>mat</strong></span> <span class='ocrx_word' id='word_1_8' title='bbox 261 501 316 541; x_wconf 89' lang='lat' dir='ltr'><strong>non</strong></span> <span class='ocrx_word' id='word_1_9' title='bbox 333 485 455 556; x_wconf 83' lang='lat' dir='ltr'><strong>habenti,</strong></span> <span class='ocrx_word' id='word_1_10' title='bbox 479 485 558 540; x_wconf 87' lang='lat' dir='ltr'><strong>Deus</strong></span> <span class='ocrx_word' id='word_1_11' title='bbox 575 485 661 542; x_wconf 83' lang='lat' dir='ltr'><strong>Pater</strong></span> <span class='ocrx_word' id='word_1_12' title='bbox 679 484 761 542; x_wconf 86' lang='lat' dir='ltr'><strong>dicit:</strong></span> <span class='ocrx_word' id='word_1_13' title='bbox 788 486 883 560; x_wconf 76' lang='lat' dir='ltr'><strong>accipe</strong></span> <span class='ocrx_word' id='word_1_14' title='bbox 901 487 1085 561; x_wconf 76' lang='lat' dir='ltr'><strong>Unigenitum</strong></span> 
     </span>
     <span class='ocr_line' id='line_1_3' title="bbox 186 569 1085 643; baseline 0.004 -17"><span class='ocrx_word' id='word_1_15' title='bbox 186 588 277 628; x_wconf 88' lang='lat' dir='ltr'><strong>meum</strong></span> <span class='ocrx_word' id='word_1_16' title='bbox 295 577 323 627; x_wconf 87' lang='lat' dir='ltr'><strong>ot</strong></span> <span class='ocrx_word' id='word_1_17' title='bbox 341 571 378 626; x_wconf 89' lang='lat' dir='ltr'><strong>da</strong></span> <span class='ocrx_word' id='word_1_18' title='bbox 394 587 445 641; x_wconf 91' lang='lat' dir='ltr'><strong>pro</strong></span> <span class='ocrx_word' id='word_1_19' title='bbox 464 575 507 640; x_wconf 69' lang='grc' dir='ltr'><strong>ως</strong></span> <span class='ocrx_word' id='word_1_20' title='bbox 533 576 561 626; x_wconf 91' lang='lat' dir='ltr'><strong>et</strong></span> <span class='ocrx_word' id='word_1_21' title='bbox 576 569 638 643; x_wconf 89' lang='lat' dir='ltr'><strong>ipse</strong></span> <span class='ocrx_word' id='word_1_22' title='bbox 656 571 759 626; x_wconf 78' lang='lat' dir='ltr'><strong>Filius:</strong></span> <span class='ocrx_word' id='word_1_23' title='bbox 784 571 851 627; x_wconf 86' lang='lat' dir='ltr'><strong>tolle</strong></span> <span class='ocrx_word' id='word_1_24' title='bbox 870 591 914 630; x_wconf 87' lang='lat' dir='ltr'><strong>me</strong></span> <span class='ocrx_word' id='word_1_25' title='bbox 932 580 962 630; x_wconf 90' lang='lat' dir='ltr'><strong>et</strong></span> <span class='ocrx_word' id='word_1_26' title='bbox 980 575 1085 630; x_wconf 90' lang='lat' dir='ltr'><strong>redime</strong></span> 
     </span>
     <span class='ocr_line' id='line_1_4' title="bbox 185 654 1120 734; baseline 0.006 -25"><span class='ocrx_word' id='word_1_27' title='bbox 185 655 235 713; x_wconf 79' lang='lat' dir='ltr'><strong>te?</strong></span> <span class='ocrx_word' id='word_1_28' title='bbox 276 655 361 720; x_wconf 80' lang='lat' dir='ltr'><strong>Quasi</strong></span> <span class='ocrx_word' id='word_1_29' title='bbox 385 655 459 734; x_wconf 85' lang='lat' dir='ltr'><strong>onim</strong></span> <span class='ocrx_word' id='word_1_30' title='bbox 484 654 536 711; x_wconf 91' lang='lat' dir='ltr'><strong>hoc</strong></span> <span class='ocrx_word' id='word_1_31' title='bbox 562 655 671 722; x_wconf 86' lang='lat' dir='ltr'><strong>dicunt,</strong></span> <span class='ocrx_word' id='word_1_32' title='bbox 697 657 808 728; x_wconf 86' lang='lat' dir='ltr'><strong>quando</strong></span> <span class='ocrx_word' id='word_1_33' title='bbox 828 673 880 713; x_wconf 91' lang='lat' dir='ltr'><strong>nos</strong></span> <span class='ocrx_word' id='word_1_34' title='bbox 904 658 940 714; x_wconf 89' lang='lat' dir='ltr'><strong>ad</strong></span> <span class='ocrx_word' id='word_1_35' title='bbox 962 658 1120 723; x_wconf 81' lang='lat' dir='ltr'><strong>christia-3</strong></span> 
     </span>
     <span class='ocr_line' id='line_1_5' title="bbox 186 739 1088 816; baseline 0.003 -18"><span class='ocrx_word' id='word_1_36' title='bbox 186 758 251 798; x_wconf 82' lang='lat' dir='ltr'><strong>num</strong></span> <span class='ocrx_word' id='word_1_37' title='bbox 267 739 351 796; x_wconf 84' lang='lat' dir='ltr'><strong>iidem</strong></span> <span class='ocrx_word' id='word_1_38' title='bbox 368 745 514 796; x_wconf 83' lang='lat' dir='ltr'><strong>recantet</strong></span> <span class='ocrx_word' id='word_1_39' title='bbox 530 740 652 796; x_wconf 83' lang='lat' dir='ltr'><strong>trahunt</strong></span> <span class='ocrx_word' id='word_1_40' title='bbox 688 740 762 806; x_wconf 83' lang='lat' dir='ltr'><strong>Quid</strong></span> <span class='ocrx_word' id='word_1_41' title='bbox 779 742 863 798; x_wconf 70' lang='lat' dir='ltr'><strong>etium</strong></span> <span class='ocrx_word' id='word_1_42' title='bbox 878 743 985 815; x_wconf 83' lang='lat' dir='ltr'><strong>iustius,</strong></span> <span class='ocrx_word' id='word_1_43' title='bbox 1003 761 1088 816; x_wconf 88' lang='lat' dir='ltr'><strong>qnam</strong></span> 
     </span>
     <span class='ocr_line' id='line_1_6' title="bbox 187 823 1087 897; baseline 0.006 -15"><span class='ocrx_word' id='word_1_44' title='bbox 187 833 223 883; x_wconf 87' lang='lat' dir='ltr'><strong>ut</strong></span> <span class='ocrx_word' id='word_1_45' title='bbox 237 827 284 882; x_wconf 93' lang='lat' dir='ltr'><strong>ille</strong></span> <span class='ocrx_word' id='word_1_46' title='bbox 305 825 350 881; x_wconf 89' lang='lat' dir='ltr'><strong>cui</strong></span> <span class='ocrx_word' id='word_1_47' title='bbox 373 823 455 880; x_wconf 83' lang='lat' dir='ltr'><strong>detur</strong></span> <span class='ocrx_word' id='word_1_48' title='bbox 476 825 597 897; x_wconf 88' lang='lat' dir='ltr'><strong>pretium</strong></span> <span class='ocrx_word' id='word_1_49' title='bbox 615 827 796 882; x_wconf 85' lang='lat' dir='ltr'><strong>maius-omni</strong></span> <span class='ocrx_word' id='word_1_50' title='bbox 816 827 925 896; x_wconf 87' lang='lat' dir='ltr'><strong>debito,</strong></span> <span class='ocrx_word' id='word_1_51' title='bbox 950 827 974 883; x_wconf 85' lang='lat' dir='ltr'><strong>si</strong></span> <span class='ocrx_word' id='word_1_52' title='bbox 993 827 1087 888; x_wconf 87' lang='lat' dir='ltr'><strong>debito</strong></span> 
     </span>
    </p>

    <p class='ocr_par' dir='ltr' id='par_1_3' title="bbox 159 909 883 981">
     <span class='ocr_line' id='line_1_7' title="bbox 159 909 883 981; baseline -0.003 -14"><span class='ocrx_word' id='word_1_53' title='bbox 159 936 166 949; x_wconf 93' lang='lat'>·</span> <span class='ocrx_word' id='word_1_54' title='bbox 187 913 269 968; x_wconf 79' lang='lat' dir='ltr'><strong>datius</strong></span> <span class='ocrx_word' id='word_1_55' title='bbox 283 911 394 981; x_wconf 79' lang='lat' dir='ltr'><strong>affectu,</strong></span> <span class='ocrx_word' id='word_1_56' title='bbox 414 910 535 967; x_wconf 83' lang='lat' dir='ltr'><strong>dimittat</strong></span> <span class='ocrx_word' id='word_1_57' title='bbox 551 929 631 967; x_wconf 91' lang='lat' dir='ltr'><strong>omne</strong></span> <span class='ocrx_word' id='word_1_58' title='bbox 648 909 790 966; x_wconf 79' lang='lat' dir='ltr'><strong>debitum?</strong></span> <span class='ocrx_word' id='word_1_59' title='bbox 880 937 883 946; x_wconf 88' lang='lat'>·</span> 
     </span>
    </p>
   </div>
   <div class='ocr_carea' id='block_1_3' title="bbox 161 1049 1177 2095">
    <p class='ocr_par' dir='ltr' id='par_1_4' title="bbox 161 1049 1177 1498">
     <span class='ocr_line' id='line_1_8' title="bbox 263 1049 1177 1155; baseline 0.003 -19"><span class='ocrx_word' id='word_1_60' title='bbox 263 1049 330 1136; x_wconf 71' lang='grc'><strong>21·</strong></span> <span class='ocrx_word' id='word_1_61' title='bbox 381 1081 494 1138; x_wconf 76' lang='lat' dir='ltr'>Diaboli</span> <span class='ocrx_word' id='word_1_62' title='bbox 513 1099 578 1138; x_wconf 84' lang='lat' dir='ltr'><strong>vero</strong></span> <span class='ocrx_word' id='word_1_63' title='bbox 593 1081 844 1138; x_wconf 76' lang='lat' dir='ltr'><strong>reconciliationem</strong></span> <span class='ocrx_word' id='word_1_64' title='bbox 860 1083 896 1139; x_wconf 84' lang='lat' dir='ltr'><strong>de</strong></span> <span class='ocrx_word' id='word_1_65' title='bbox 913 1100 969 1154; x_wconf 90' lang='lat' dir='ltr'><strong>qua</strong></span> <span class='ocrx_word' id='word_1_66' title='bbox 980 1083 1087 1155; x_wconf 82' lang='lat' dir='ltr'><strong>quaesi·</strong></span> <span class='ocrx_word' id='word_1_67' title='bbox 1105 1093 1119 1144; x_wconf 87' lang='lat'>1</span> <span class='ocrx_word' id='word_1_68' title='bbox 1174 1083 1177 1088; x_wconf 81' lang='grc'><strong>“</strong></span> 
     </span>
     <span class='ocr_line' id='line_1_9' title="bbox 185 1166 1087 1240; baseline 0 -16"><span class='ocrx_word' id='word_1_69' title='bbox 185 1169 259 1238; x_wconf 83' lang='lat' dir='ltr'><strong>vieti,</strong></span> <span class='ocrx_word' id='word_1_70' title='bbox 277 1167 475 1240; x_wconf 89' lang='lat' dir='ltr'><strong>impossibilem</strong></span> <span class='ocrx_word' id='word_1_71' title='bbox 493 1167 640 1240; x_wconf 81' lang='lat' dir='ltr'><strong>intelliges,</strong></span> <span class='ocrx_word' id='word_1_72' title='bbox 658 1166 682 1221; x_wconf 91' lang='lat' dir='ltr'><strong>si</strong></span> <span class='ocrx_word' id='word_1_73' title='bbox 699 1167 851 1240; x_wconf 82' lang='lat' dir='ltr'><strong>diligenter·</strong></span> <span class='ocrx_word' id='word_1_74' title='bbox 857 1168 1006 1224; x_wconf 88' lang='lat' dir='ltr'><strong>humanam</strong></span> <span class='ocrx_word' id='word_1_75' title='bbox 1023 1187 1087 1224; x_wconf 91' lang='lat' dir='ltr'><strong>con-</strong></span> 
     </span>
     <span class='ocr_line' id='line_1_10' title="bbox 185 1251 1121 1324; baseline 0 -14"><span class='ocrx_word' id='word_1_76' title='bbox 185 1255 296 1312; x_wconf 85' lang='lat' dir='ltr'><strong>sideres.</strong></span> <span class='ocrx_word' id='word_1_77' title='bbox 332 1253 410 1310; x_wconf 80' lang='lat' dir='ltr'><strong>Sicut</strong></span> <span class='ocrx_word' id='word_1_78' title='bbox 435 1254 508 1310; x_wconf 88' lang='lat' dir='ltr'><strong>enim</strong></span> <span class='ocrx_word' id='word_1_79' title='bbox 531 1251 614 1309; x_wconf 90' lang='lat' dir='ltr'><strong>homo</strong></span> <span class='ocrx_word' id='word_1_80' title='bbox 641 1270 698 1308; x_wconf 88' lang='lat' dir='ltr'><strong>non</strong></span> <span class='ocrx_word' id='word_1_81' title='bbox 721 1253 814 1324; x_wconf 87' lang='lat' dir='ltr'><strong>potuit</strong></span> <span class='ocrx_word' id='word_1_82' title='bbox 839 1253 1011 1310; x_wconf 85' lang='lat' dir='ltr'><strong>reconciliari</strong></span> <span class='ocrx_word' id='word_1_83' title='bbox 1032 1253 1121 1315; x_wconf 82' lang='lat' dir='ltr'><strong>nisi2</strong></span> 
     </span>
     <span class='ocr_line' id='line_1_11' title="bbox 161 1335 1087 1413; baseline 0.001 -18"><span class='ocrx_word' id='word_1_84' title='bbox 161 1405 163 1410; x_wconf 21' lang='lat'><strong><em>¹</em></strong></span> <span class='ocrx_word' id='word_1_85' title='bbox 185 1358 235 1413; x_wconf 88' lang='lat' dir='ltr'><strong>per</strong></span> <span class='ocrx_word' id='word_1_86' title='bbox 260 1339 402 1395; x_wconf 87' lang='lat' dir='ltr'><strong>hominem·</strong></span> <span class='ocrx_word' id='word_1_87' title='bbox 419 1337 524 1408; x_wconf 91' lang='lat' dir='ltr'><strong>Deum,</strong></span> <span class='ocrx_word' id='word_1_88' title='bbox 548 1335 597 1409; x_wconf 85' lang='lat' dir='ltr'><strong>qui</strong></span> <span class='ocrx_word' id='word_1_89' title='bbox 620 1339 690 1395; x_wconf 89' lang='lat' dir='ltr'><strong>mori</strong></span> <span class='ocrx_word' id='word_1_90' title='bbox 712 1344 819 1410; x_wconf 90' lang='lat' dir='ltr'><strong>posset,</strong></span> <span class='ocrx_word' id='word_1_91' title='bbox 842 1357 893 1411; x_wconf 90' lang='lat' dir='ltr'><strong>per</strong></span> <span class='ocrx_word' id='word_1_92' title='bbox 913 1339 992 1396; x_wconf 84' lang='lat' dir='ltr'><strong>cuius</strong></span> <span class='ocrx_word' id='word_1_93' title='bbox 1009 1339 1087 1396; x_wconf 85' lang='lat' dir='ltr'><strong>iusti·</strong></span> 
     </span>
     <span class='ocr_line' id='line_1_12' title="bbox 184 1422 1087 1498; baseline 0 -17"><span class='ocrx_word' id='word_1_94' title='bbox 184 1426 253 1482; x_wconf 82' lang='lat' dir='ltr'><strong>tiam</strong></span> <span class='ocrx_word' id='word_1_95' title='bbox 271 1425 332 1480; x_wconf 87' lang='lat' dir='ltr'><strong>Deo</strong></span> <span class='ocrx_word' id='word_1_96' title='bbox 351 1425 542 1481; x_wconf 78' lang='lat' dir='ltr'><strong>restitueretur</strong></span> <span class='ocrx_word' id='word_1_97' title='bbox 567 1422 641 1495; x_wconf 87' lang='lat' dir='ltr'><strong>qnod</strong></span> <span class='ocrx_word' id='word_1_98' title='bbox 658 1442 708 1496; x_wconf 88' lang='lat' dir='ltr'><strong>per</strong></span> <span class='ocrx_word' id='word_1_99' title='bbox 728 1430 874 1496; x_wconf 86' lang='lat' dir='ltr'><strong>peccatum</strong></span> <span class='ocrx_word' id='word_1_100' title='bbox 891 1425 1009 1480; x_wconf 87' lang='lat' dir='ltr'><strong>hominis</strong></span> <span class='ocrx_word' id='word_1_101' title='bbox 1025 1443 1087 1498; x_wconf 88' lang='lat' dir='ltr'><strong>per·</strong></span> 
     </span>
    </p>

    <p class='ocr_par' dir='ltr' id='par_1_5' title="bbox 170 1509 1121 2095">
     <span class='ocr_line' id='line_1_13' title="bbox 186 1509 1089 1583; baseline 0.001 -17"><span class='ocrx_word' id='word_1_102' title='bbox 186 1511 311 1582; x_wconf 81' lang='lat' dir='ltr'><strong>diderat3</strong></span> <span class='ocrx_word' id='word_1_103' title='bbox 329 1512 370 1582; x_wconf 82' lang='lat' dir='ltr'><strong>ita</strong></span> <span class='ocrx_word' id='word_1_104' title='bbox 386 1510 479 1582; x_wconf 83' lang='lat' dir='ltr'><strong>angeli</strong></span> <span class='ocrx_word' id='word_1_105' title='bbox 498 1509 620 1566; x_wconf 61' lang='lat' dir='ltr'><strong>amnon</strong></span> <span class='ocrx_word' id='word_1_106' title='bbox 637 1527 693 1566; x_wconf 90' lang='lat' dir='ltr'><strong>non</strong></span> <span class='ocrx_word' id='word_1_107' title='bbox 710 1514 827 1583; x_wconf 87' lang='lat' dir='ltr'><strong>possunt</strong></span> <span class='ocrx_word' id='word_1_108' title='bbox 846 1511 947 1566; x_wconf 82' lang='lat' dir='ltr'><strong>salvari</strong></span> <span class='ocrx_word' id='word_1_109' title='bbox 964 1511 1019 1566; x_wconf 90' lang='lat' dir='ltr'><strong>nisi</strong></span> <span class='ocrx_word' id='word_1_110' title='bbox 1038 1529 1089 1582; x_wconf 82' lang='lat' dir='ltr'><strong>per</strong></span> 
     </span>
     <span class='ocr_line' id='line_1_14' title="bbox 186 1593 1088 1673; baseline -0.002 -21"><span class='ocrx_word' id='word_1_111' title='bbox 186 1597 315 1673; x_wconf 74' lang='lat' dir='ltr'><strong>angelum</strong></span> <span class='ocrx_word' id='word_1_112' title='bbox 331 1597 434 1665; x_wconf 91' lang='lat' dir='ltr'><strong>Deum,</strong></span> <span class='ocrx_word' id='word_1_113' title='bbox 462 1595 510 1666; x_wconf 89' lang='lat' dir='ltr'><strong>qui</strong></span> <span class='ocrx_word' id='word_1_114' title='bbox 538 1593 607 1650; x_wconf 90' lang='lat' dir='ltr'><strong>mori</strong></span> <span class='ocrx_word' id='word_1_115' title='bbox 632 1596 721 1666; x_wconf 79' lang='lat' dir='ltr'><strong>poenit</strong></span> <span class='ocrx_word' id='word_1_116' title='bbox 747 1601 776 1652; x_wconf 87' lang='lat' dir='ltr'><strong>et</strong></span> <span class='ocrx_word' id='word_1_117' title='bbox 802 1596 856 1667; x_wconf 90' lang='lat' dir='ltr'><strong>qui·</strong></span> <span class='ocrx_word' id='word_1_118' title='bbox 877 1613 928 1668; x_wconf 81' lang='lat' dir='ltr'><strong>per</strong></span> <span class='ocrx_word' id='word_1_119' title='bbox 954 1594 1088 1650; x_wconf 85' lang='lat' dir='ltr'><strong>iustitiam</strong></span> 
     </span>
     <span class='ocr_line' id='line_1_15' title="bbox 170 1679 1087 1759; baseline -0.002 -19"><span class='ocrx_word' id='word_1_120' title='bbox 170 1701 264 1759; x_wconf 17' lang='lat' dir='ltr'><strong>,suam</strong></span> <span class='ocrx_word' id='word_1_121' title='bbox 284 1683 347 1739; x_wconf 85' lang='lat' dir='ltr'><strong>Deo¹</strong></span> <span class='ocrx_word' id='word_1_122' title='bbox 372 1687 493 1754; x_wconf 84' lang='lat' dir='ltr'><strong>reperet,</strong></span> <span class='ocrx_word' id='word_1_123' title='bbox 520 1681 596 1752; x_wconf 86' lang='lat' dir='ltr'><strong>quod</strong></span> <span class='ocrx_word' id='word_1_124' title='bbox 624 1679 741 1736; x_wconf 88' lang='lat' dir='ltr'><strong>aliorum</strong></span> <span class='ocrx_word' id='word_1_125' title='bbox 764 1686 882 1753; x_wconf 86' lang='lat' dir='ltr'><strong>peccata</strong></span> <span class='ocrx_word' id='word_1_126' title='bbox 906 1679 1087 1738; x_wconf 79' lang='lat' dir='ltr'><strong>ubstulenmt</strong></span> 
     </span>
     <span class='ocr_line' id='line_1_16' title="bbox 185 1764 1121 1838; baseline -0.001 -14"><span class='ocrx_word' id='word_1_127' title='bbox 185 1771 223 1824; x_wconf 85' lang='lat' dir='ltr'><strong>Et</strong></span> <span class='ocrx_word' id='word_1_128' title='bbox 245 1770 317 1824; x_wconf 90' lang='lat' dir='ltr'><strong>sicut</strong></span> <span class='ocrx_word' id='word_1_129' title='bbox 337 1768 419 1824; x_wconf 88' lang='lat' dir='ltr'><strong>homo</strong></span> <span class='ocrx_word' id='word_1_130' title='bbox 443 1784 493 1838; x_wconf 87' lang='lat' dir='ltr'><strong>per</strong></span> <span class='ocrx_word' id='word_1_131' title='bbox 515 1767 599 1821; x_wconf 88' lang='lat' dir='ltr'><strong>alium</strong></span> <span class='ocrx_word' id='word_1_132' title='bbox 622 1764 760 1820; x_wconf 89' lang='lat' dir='ltr'><strong>hominem</strong></span> <span class='ocrx_word' id='word_1_133' title='bbox 784 1765 832 1837; x_wconf 88' lang='lat' dir='ltr'><strong>qui</strong></span> <span class='ocrx_word' id='word_1_134' title='bbox 849 1782 906 1820; x_wconf 91' lang='lat' dir='ltr'><strong>non</strong></span> <span class='ocrx_word' id='word_1_135' title='bbox 925 1771 998 1822; x_wconf 87' lang='lat' dir='ltr'><strong>esset</strong></span> <span class='ocrx_word' id='word_1_136' title='bbox 1017 1768 1087 1824; x_wconf 90' lang='lat' dir='ltr'><strong>eius·</strong></span> <span class='ocrx_word' id='word_1_137' title='bbox 1105 1783 1121 1834; x_wconf 83' lang='lat'><strong>3</strong></span> 
     </span>
     <span class='ocr_line' id='line_1_17' title="bbox 187 1851 1087 1926; baseline 0 -18"><span class='ocrx_word' id='word_1_138' title='bbox 187 1855 251 1910; x_wconf 90' lang='lat' dir='ltr'><strong>dem</strong></span> <span class='ocrx_word' id='word_1_139' title='bbox 272 1853 394 1926; x_wconf 86' lang='lat' dir='ltr'><strong>generis,</strong></span> <span class='ocrx_word' id='word_1_140' title='bbox 420 1853 545 1925; x_wconf 79' lang='lat' dir='ltr'><strong>quamvis</strong></span> <span class='ocrx_word' id='word_1_141' title='bbox 567 1851 690 1908; x_wconf 82' lang='lat' dir='ltr'><strong>eiusdem</strong></span> <span class='ocrx_word' id='word_1_142' title='bbox 715 1855 788 1906; x_wconf 86' lang='lat' dir='ltr'><strong>esset</strong></span> <span class='ocrx_word' id='word_1_143' title='bbox 810 1856 940 1922; x_wconf 78' lang='lat' dir='ltr'><strong>natiuae,</strong></span> <span class='ocrx_word' id='word_1_144' title='bbox 967 1870 1023 1908; x_wconf 93' lang='lat' dir='ltr'><strong>non</strong></span> <span class='ocrx_word' id='word_1_145' title='bbox 1040 1853 1087 1908; x_wconf 87' lang='lat' dir='ltr'><strong>de·</strong></span> 
     </span>
     <span class='ocr_line' id='line_1_18' title="bbox 186 1935 1087 2009; baseline -0.002 -13"><span class='ocrx_word' id='word_1_146' title='bbox 186 1939 248 1996; x_wconf 83' lang='lat' dir='ltr'><strong>buit</strong></span> <span class='ocrx_word' id='word_1_147' title='bbox 264 1939 392 2009; x_wconf 72' lang='lat' dir='ltr'><strong>relevati,</strong></span> <span class='ocrx_word' id='word_1_148' title='bbox 410 1937 451 1994; x_wconf 83' lang='lat' dir='ltr'><strong>itu</strong></span> <span class='ocrx_word' id='word_1_149' title='bbox 463 1937 560 1993; x_wconf 87' lang='lat' dir='ltr'><strong>nullus</strong></span> <span class='ocrx_word' id='word_1_150' title='bbox 579 1936 696 2008; x_wconf 85' lang='lat' dir='ltr'><strong>angelus</strong></span> <span class='ocrx_word' id='word_1_151' title='bbox 714 1953 764 2006; x_wconf 85' lang='lat' dir='ltr'><strong>per</strong></span> <span class='ocrx_word' id='word_1_152' title='bbox 782 1935 867 1991; x_wconf 81' lang='lat' dir='ltr'><strong>elium</strong></span> <span class='ocrx_word' id='word_1_153' title='bbox 885 1937 1015 2009; x_wconf 79' lang='lat' dir='ltr'><strong>angelum</strong></span> <span class='ocrx_word' id='word_1_154' title='bbox 1033 1939 1087 1994; x_wconf 82' lang='lat' dir='ltr'><strong>sal·</strong></span> 
     </span>
     <span class='ocr_line' id='line_1_19' title="bbox 186 2021 1087 2095; baseline -0.004 -13"><span class='ocrx_word' id='word_1_155' title='bbox 186 2027 246 2082; x_wconf 85' lang='lat' dir='ltr'><strong>vari</strong></span> <span class='ocrx_word' id='word_1_156' title='bbox 264 2025 356 2095; x_wconf 88' lang='lat' dir='ltr'><strong>debet,</strong></span> <span class='ocrx_word' id='word_1_157' title='bbox 381 2023 506 2094; x_wconf 81' lang='lat' dir='ltr'><strong>quamvis</strong></span> <span class='ocrx_word' id='word_1_158' title='bbox 523 2039 618 2078; x_wconf 87' lang='lat' dir='ltr'><strong>omnes</strong></span> <span class='ocrx_word' id='word_1_159' title='bbox 636 2021 692 2076; x_wconf 85' lang='lat' dir='ltr'><strong>sint</strong></span> <span class='ocrx_word' id='word_1_160' title='bbox 710 2021 792 2077; x_wconf 89' lang='lat' dir='ltr'><strong>unius</strong></span> <span class='ocrx_word' id='word_1_161' title='bbox 808 2025 938 2092; x_wconf 74' lang='lat' dir='ltr'><strong>naturae,</strong></span> <span class='ocrx_word' id='word_1_162' title='bbox 956 2023 1087 2094; x_wconf 85' lang='lat' dir='ltr'><strong>quoniam</strong></span> 
     </span>
    </p>
   </div>
   <div class='ocr_carea' id='block_1_4' title="bbox 186 2107 1202 2181">
    <p class='ocr_par' dir='ltr' id='par_1_6' title="bbox 186 2107 1202 2181">
     <span class='ocr_line' id='line_1_20' title="bbox 186 2107 1202 2181; baseline 0.004 -15"><span class='ocrx_word' id='word_1_163' title='bbox 186 2128 243 2166; x_wconf 90' lang='lat' dir='ltr'><strong>nou</strong></span> <span class='ocrx_word' id='word_1_164' title='bbox 267 2115 334 2166; x_wconf 86' lang='lat' dir='ltr'><strong>sunt</strong></span> <span class='ocrx_word' id='word_1_165' title='bbox 359 2108 486 2174; x_wconf 60' lang='lat' dir='ltr'><strong>&amp;undem</strong></span> <span class='ocrx_word' id='word_1_166' title='bbox 507 2108 616 2181; x_wconf 87' lang='lat' dir='ltr'><strong>generis</strong></span> <span class='ocrx_word' id='word_1_167' title='bbox 640 2107 712 2164; x_wconf 90' lang='lat' dir='ltr'><strong>sicut</strong></span> <span class='ocrx_word' id='word_1_168' title='bbox 735 2108 868 2164; x_wconf 89' lang='lat' dir='ltr'><strong>homines.</strong></span> <span class='ocrx_word' id='word_1_169' title='bbox 877 2107 898 2180; x_wconf 88' lang='lat'><strong>¹)</strong></span> <span class='ocrx_word' id='word_1_170' title='bbox 933 2109 997 2166; x_wconf 88' lang='lat' dir='ltr'><strong>Non</strong></span> <span class='ocrx_word' id='word_1_171' title='bbox 1015 2108 1122 2170; x_wconf 87' lang='lat' dir='ltr'><strong>enim4</strong></span> <span class='ocrx_word' id='word_1_172' title='bbox 1200 2143 1202 2148; x_wconf 95' lang='lat'>·</span> 
     </span>
    </p>
   </div>
   <div class='ocr_carea' id='block_1_5' title="bbox 187 2194 1120 2352">
    <p class='ocr_par' dir='ltr' id='par_1_7' title="bbox 187 2194 1120 2352">
     <span class='ocr_line' id='line_1_21' title="bbox 187 2194 1088 2267; baseline 0 -17"><span class='ocrx_word' id='word_1_173' title='bbox 187 2195 228 2250; x_wconf 93' lang='lat' dir='ltr'><strong>sic</strong></span> <span class='ocrx_word' id='word_1_174' title='bbox 243 2201 309 2251; x_wconf 87' lang='lat' dir='ltr'><strong>sunt</strong></span> <span class='ocrx_word' id='word_1_175' title='bbox 331 2213 424 2251; x_wconf 87' lang='lat' dir='ltr'><strong>omnes</strong></span> <span class='ocrx_word' id='word_1_176' title='bbox 452 2194 544 2267; x_wconf 88' lang='lat' dir='ltr'><strong>angeli</strong></span> <span class='ocrx_word' id='word_1_177' title='bbox 570 2194 606 2250; x_wconf 88' lang='lat' dir='ltr'><strong>de</strong></span> <span class='ocrx_word' id='word_1_178' title='bbox 631 2212 687 2250; x_wconf 92' lang='lat' dir='ltr'><strong>uno</strong></span> <span class='ocrx_word' id='word_1_179' title='bbox 715 2194 828 2267; x_wconf 84' lang='lat' dir='ltr'><strong>angelo,</strong></span> <span class='ocrx_word' id='word_1_180' title='bbox 855 2194 1088 2266; x_wconf 86' lang='lat' dir='ltr'><strong>quemadmodum</strong></span> 
     </span>
     <span class='ocr_line' id='line_1_22' title="bbox 188 2279 1120 2352; baseline 0.001 -14"><span class='ocrx_word' id='word_1_181' title='bbox 188 2297 282 2338; x_wconf 90' lang='lat' dir='ltr'><strong>omnes</strong></span> <span class='ocrx_word' id='word_1_182' title='bbox 305 2281 428 2336; x_wconf 86' lang='lat' dir='ltr'><strong>homines</strong></span> <span class='ocrx_word' id='word_1_183' title='bbox 451 2279 487 2336; x_wconf 83' lang='lat' dir='ltr'><strong>de</strong></span> <span class='ocrx_word' id='word_1_184' title='bbox 507 2295 563 2334; x_wconf 88' lang='lat' dir='ltr'><strong>uno</strong></span> <span class='ocrx_word' id='word_1_185' title='bbox 588 2279 707 2336; x_wconf 88' lang='lat' dir='ltr'><strong>homine.</strong></span> <span class='ocrx_word' id='word_1_186' title='bbox 747 2279 810 2334; x_wconf 90' lang='lat' dir='ltr'><strong>Hoc</strong></span> <span class='ocrx_word' id='word_1_187' title='bbox 837 2297 946 2352; x_wconf 89' lang='lat' dir='ltr'><strong>quoque</strong></span> <span class='ocrx_word' id='word_1_188' title='bbox 966 2286 1120 2339; x_wconf 84' lang='lat' dir='ltr'><strong>removet5</strong></span> 
     </span>
    </p>
   </div>
   <div class='ocr_carea' id='block_1_6' title="bbox 7 2349 1087 2435">
    <p class='ocr_par' dir='ltr' id='par_1_8' title="bbox 7 2349 1087 2435">
     <span class='ocr_line' id='line_1_23' title="bbox 7 2349 1087 2435; baseline -0.001 -15"><span class='ocrx_word' id='word_1_189' title='bbox 7 2349 12 2362; x_wconf 59' lang='lat'>¹</span> <span class='ocrx_word' id='word_1_190' title='bbox 90 2413 91 2416; x_wconf 67' lang='grc'>,</span> <span class='ocrx_word' id='word_1_191' title='bbox 188 2382 282 2421; x_wconf 87' lang='lat' dir='ltr'><strong>eorum</strong></span> <span class='ocrx_word' id='word_1_192' title='bbox 303 2363 544 2434; x_wconf 81' lang='lat' dir='ltr'><strong>restaurationem,</strong></span> <span class='ocrx_word' id='word_1_193' title='bbox 568 2364 634 2435; x_wconf 84' lang='lat' dir='ltr'><strong>quia</strong></span> <span class='ocrx_word' id='word_1_194' title='bbox 653 2363 725 2418; x_wconf 84' lang='lat' dir='ltr'><strong>siout</strong></span> <span class='ocrx_word' id='word_1_195' title='bbox 749 2363 908 2422; x_wconf 82' lang='lat' dir='ltr'><strong>oecidenuut</strong></span> <span class='ocrx_word' id='word_1_196' title='bbox 930 2366 1007 2420; x_wconf 91' lang='lat' dir='ltr'><strong>nullo</strong></span> <span class='ocrx_word' id='word_1_197' title='bbox 1031 2365 1087 2420; x_wconf 89' lang='lat' dir='ltr'><strong>alio</strong></span> 
     </span>
    </p>
   </div>
   <div class='ocr_carea' id='block_1_7' title="bbox 144 2447 1183 3062">
    <p class='ocr_par' dir='ltr' id='par_1_9' title="bbox 144 2447 1183 3062">
     <span class='ocr_line' id='line_1_24' title="bbox 187 2447 1087 2522; baseline 0 -16"><span class='ocrx_word' id='word_1_198' title='bbox 187 2455 305 2506; x_wconf 86' lang='lat' dir='ltr'><strong>nocente</strong></span> <span class='ocrx_word' id='word_1_199' title='bbox 323 2455 359 2505; x_wconf 76' lang='lat' dir='ltr'><strong>ut&#39;</strong></span> <span class='ocrx_word' id='word_1_200' title='bbox 375 2450 518 2519; x_wconf 89' lang='lat' dir='ltr'><strong>caderent,</strong></span> <span class='ocrx_word' id='word_1_201' title='bbox 541 2449 581 2503; x_wconf 87' lang='lat' dir='ltr'><strong>ita</strong></span> <span class='ocrx_word' id='word_1_202' title='bbox 603 2448 680 2503; x_wconf 91' lang='lat' dir='ltr'><strong>nullo</strong></span> <span class='ocrx_word' id='word_1_203' title='bbox 703 2447 759 2504; x_wconf 85' lang='lat' dir='ltr'><strong>alio</strong></span> <span class='ocrx_word' id='word_1_204' title='bbox 776 2451 926 2514; x_wconf 87' lang='lat' dir='ltr'><strong>adiuvante</strong></span> <span class='ocrx_word' id='word_1_205' title='bbox 942 2467 1087 2522; x_wconf 81' lang='lat' dir='ltr'><strong>resurgere</strong></span> 
     </span>
     <span class='ocr_line' id='line_1_25' title="bbox 188 2533 1121 2608; baseline 0 -18"><span class='ocrx_word' id='word_1_206' title='bbox 188 2534 306 2606; x_wconf 80' lang='lat' dir='ltr'><strong>debent3</strong></span> <span class='ocrx_word' id='word_1_207' title='bbox 324 2535 399 2606; x_wconf 90' lang='lat' dir='ltr'><strong>quod</strong></span> <span class='ocrx_word' id='word_1_208' title='bbox 416 2541 458 2590; x_wconf 91' lang='lat' dir='ltr'><strong>est</strong></span> <span class='ocrx_word' id='word_1_209' title='bbox 475 2534 530 2589; x_wconf 81' lang='lat' dir='ltr'><strong>illis</strong></span> <span class='ocrx_word' id='word_1_210' title='bbox 546 2533 722 2606; x_wconf 89' lang='lat' dir='ltr'><strong>impossibile.</strong></span> <span class='ocrx_word' id='word_1_211' title='bbox 749 2533 840 2588; x_wconf 86' lang='lat' dir='ltr'><strong>Aliter</strong></span> <span class='ocrx_word' id='word_1_212' title='bbox 855 2535 929 2590; x_wconf 89' lang='lat' dir='ltr'><strong>enim</strong></span> <span class='ocrx_word' id='word_1_213' title='bbox 947 2537 977 2590; x_wconf 92' lang='lat' dir='ltr'><strong>in</strong></span> <span class='ocrx_word' id='word_1_214' title='bbox 997 2535 1085 2608; x_wconf 86' lang='lat' dir='ltr'><strong>digui-</strong></span> <span class='ocrx_word' id='word_1_215' title='bbox 1105 2544 1121 2596; x_wconf 86' lang='lat'><strong>6</strong></span> 
     </span>
     <span class='ocr_line' id='line_1_26' title="bbox 144 2619 1090 2693; baseline 0.002 -18"><span class='ocrx_word' id='word_1_216' title='bbox 144 2655 157 2684; x_wconf 84' lang='grc'><strong>.</strong></span> <span class='ocrx_word' id='word_1_217' title='bbox 187 2626 273 2675; x_wconf 83' lang='lat' dir='ltr'><strong>tatem</strong></span> <span class='ocrx_word' id='word_1_218' title='bbox 292 2637 375 2692; x_wconf 87' lang='lat' dir='ltr'><strong>quam</strong></span> <span class='ocrx_word' id='word_1_219' title='bbox 396 2619 518 2676; x_wconf 84' lang='lat' dir='ltr'><strong>habituri</strong></span> <span class='ocrx_word' id='word_1_220' title='bbox 542 2625 635 2689; x_wconf 90' lang='lat' dir='ltr'><strong>erant,</strong></span> <span class='ocrx_word' id='word_1_221' title='bbox 657 2636 714 2674; x_wconf 90' lang='lat' dir='ltr'><strong>nou</strong></span> <span class='ocrx_word' id='word_1_222' title='bbox 736 2625 852 2689; x_wconf 89' lang='lat' dir='ltr'><strong>possunt</strong></span> <span class='ocrx_word' id='word_1_223' title='bbox 874 2621 997 2692; x_wconf 82' lang='lat' dir='ltr'><strong>restitui3</strong></span> <span class='ocrx_word' id='word_1_224' title='bbox 1021 2639 1090 2693; x_wconf 81' lang='lat' dir='ltr'><strong>quo-</strong></span> 
     </span>
     <span class='ocr_line' id='line_1_27' title="bbox 187 2705 1088 2777; baseline 0.002 -17"><span class='ocrx_word' id='word_1_225' title='bbox 187 2705 262 2760; x_wconf 89' lang='lat' dir='ltr'><strong>niam</strong></span> <span class='ocrx_word' id='word_1_226' title='bbox 276 2705 338 2760; x_wconf 79' lang='lat' dir='ltr'><strong>&#39;sine</strong></span> <span class='ocrx_word' id='word_1_227' title='bbox 355 2705 446 2760; x_wconf 89' lang='lat' dir='ltr'><strong>alieno</strong></span> <span class='ocrx_word' id='word_1_228' title='bbox 462 2705 565 2760; x_wconf 86' lang='lat' dir='ltr'><strong>auxilio</strong></span> <span class='ocrx_word' id='word_1_229' title='bbox 587 2721 638 2776; x_wconf 88' lang='lat' dir='ltr'><strong>per</strong></span> <span class='ocrx_word' id='word_1_230' title='bbox 663 2709 827 2776; x_wconf 86' lang='lat' dir='ltr'><strong>potestatem</strong></span> <span class='ocrx_word' id='word_1_231' title='bbox 844 2723 923 2761; x_wconf 89' lang='lat' dir='ltr'><strong>suam</strong></span> <span class='ocrx_word' id='word_1_232' title='bbox 941 2723 1026 2777; x_wconf 84' lang='lat' dir='ltr'><strong>quam</strong></span> <span class='ocrx_word' id='word_1_233' title='bbox 1043 2723 1088 2762; x_wconf 90' lang='lat' dir='ltr'><strong>ac-</strong></span> 
     </span>
     <span class='ocr_line' id='line_1_28' title="bbox 186 2789 1140 2866; baseline 0.003 -21"><span class='ocrx_word' id='word_1_234' title='bbox 186 2795 324 2862; x_wconf 80' lang='lat' dir='ltr'><strong>ceperant,</strong></span> <span class='ocrx_word' id='word_1_235' title='bbox 342 2791 484 2846; x_wconf 77' lang='lat' dir='ltr'><strong>stetissent</strong></span> <span class='ocrx_word' id='word_1_236' title='bbox 501 2791 531 2846; x_wconf 91' lang='lat' dir='ltr'><strong>in</strong></span> <span class='ocrx_word' id='word_1_237' title='bbox 547 2790 677 2859; x_wconf 84' lang='lat' dir='ltr'><strong>veritate,</strong></span> <span class='ocrx_word' id='word_1_238' title='bbox 695 2789 792 2844; x_wconf 82' lang='lat' dir='ltr'><strong>sinon</strong></span> <span class='ocrx_word' id='word_1_239' title='bbox 809 2797 980 2862; x_wconf 83' lang='lat' dir='ltr'><strong>peccassent</strong></span> <span class='ocrx_word' id='word_1_240' title='bbox 1016 2791 1088 2857; x_wconf 81' lang='lat' dir='ltr'><strong>Qua-</strong></span> <span class='ocrx_word' id='word_1_241' title='bbox 1106 2799 1140 2866; x_wconf 76' lang='lat' dir='ltr'><strong>&#39;l¹</strong></span> 
     </span>
     <span class='ocr_line' id='line_1_29' title="bbox 186 2865 1089 2947; baseline 0.002 -15"><span class='ocrx_word' id='word_1_242' title='bbox 186 2881 301 2947; x_wconf 86' lang='lat' dir='ltr'><strong>propter</strong></span> <span class='ocrx_word' id='word_1_243' title='bbox 327 2875 352 2930; x_wconf 87' lang='lat' dir='ltr'><strong>si</strong></span> <span class='ocrx_word' id='word_1_244' title='bbox 377 2875 439 2946; x_wconf 88' lang='lat' dir='ltr'><strong>quis</strong></span> <span class='ocrx_word' id='word_1_245' title='bbox 466 2875 595 2946; x_wconf 88' lang='lat' dir='ltr'><strong>opinatur</strong></span> <span class='ocrx_word' id='word_1_246' title='bbox 615 2865 765 2931; x_wconf 83' lang='lat' dir='ltr'><strong>Salvatoris</strong></span> <span class='ocrx_word' id='word_1_247' title='bbox 787 2875 876 2934; x_wconf 85' lang='lat' dir='ltr'><strong>nostri</strong></span> <span class='ocrx_word' id='word_1_248' title='bbox 892 2877 1089 2934; x_wconf 85' lang='lat' dir='ltr'><strong>redemtionem</strong></span> 
     </span>
     <span class='ocr_line' id='line_1_30' title="bbox 188 2959 1183 3062; baseline 0.001 -47"><span class='ocrx_word' id='word_1_249' title='bbox 188 2978 276 3032; x_wconf 88' lang='lat' dir='ltr'><strong>nsque</strong></span> <span class='ocrx_word' id='word_1_250' title='bbox 294 2960 331 3015; x_wconf 85' lang='lat' dir='ltr'><strong>ad</strong></span> <span class='ocrx_word' id='word_1_251' title='bbox 348 2960 410 3015; x_wconf 90' lang='lat' dir='ltr'><strong>illos</strong></span> <span class='ocrx_word' id='word_1_252' title='bbox 428 2961 578 3032; x_wconf 88' lang='lat' dir='ltr'><strong>aliquando</strong></span> <span class='ocrx_word' id='word_1_253' title='bbox 605 2960 707 3017; x_wconf 87' lang='lat' dir='ltr'><strong>debere</strong></span> <span class='ocrx_word' id='word_1_254' title='bbox 734 2961 858 3031; x_wconf 91' lang='lat' dir='ltr'><strong>extendi,</strong></span> <span class='ocrx_word' id='word_1_255' title='bbox 888 2959 1090 3044; x_wconf 66' lang='lat' dir='ltr'><strong>rationabiliter</strong></span> <span class='ocrx_word' id='word_1_256' title='bbox 1176 3037 1183 3062; x_wconf 40' lang='lat'><em>4</em></span> 
     </span>
    </p>
   </div>
   <div class='ocr_carea' id='block_1_8' title="bbox 187 3161 1090 3443">
    <p class='ocr_par' dir='ltr' id='par_1_10' title="bbox 187 3161 1090 3443">
     <span class='ocr_line' id='line_1_31' title="bbox 205 3161 1090 3248; baseline -0.005 -26"><span class='ocrx_word' id='word_1_257' title='bbox 205 3234 211 3248; x_wconf 32' lang='grc' dir='ltr'>ι</span> <span class='ocrx_word' id='word_1_258' title='bbox 259 3166 285 3237; x_wconf 83' lang='grc'><strong>1)</strong></span> <span class='ocrx_word' id='word_1_259' title='bbox 303 3166 371 3236; x_wconf 82' lang='lat' dir='ltr'><strong>„Est</strong></span> <span class='ocrx_word' id='word_1_260' title='bbox 391 3165 582 3237; x_wconf 84' lang='lat' dir='ltr'><strong>uuusquisque</strong></span> <span class='ocrx_word' id='word_1_261' title='bbox 593 3164 675 3234; x_wconf 79' lang='lat' dir='ltr'><strong>filice</strong></span> <span class='ocrx_word' id='word_1_262' title='bbox 692 3165 778 3246; x_wconf 46' lang='lat' dir='ltr'><strong>Aptae</strong></span> <span class='ocrx_word' id='word_1_263' title='bbox 799 3170 827 3219; x_wconf 91' lang='lat' dir='ltr'><strong>et</strong></span> <span class='ocrx_word' id='word_1_264' title='bbox 845 3161 926 3222; x_wconf 90' lang='lat' dir='ltr'><strong>homo</strong></span> <span class='ocrx_word' id='word_1_265' title='bbox 944 3181 994 3237; x_wconf 84' lang='lat' dir='ltr'><strong>per</strong></span> <span class='ocrx_word' id='word_1_266' title='bbox 1013 3181 1090 3220; x_wconf 82' lang='lat' dir='ltr'><strong>crea·</strong></span> 
     </span>
     <span class='ocr_line' id='line_1_32' title="bbox 187 3236 1090 3357; baseline -0.002 -67"><span class='ocrx_word' id='word_1_267' title='bbox 187 3242 303 3318; x_wconf 64' lang='lat' dir='ltr'><strong>taonem,</strong></span> <span class='ocrx_word' id='word_1_268' title='bbox 327 3241 361 3318; x_wconf 44' lang='lat' dir='ltr'><strong>et·</strong></span> <span class='ocrx_word' id='word_1_269' title='bbox 381 3236 478 3298; x_wconf 78' lang='lat' dir='ltr'><strong>Adam</strong></span> <span class='ocrx_word' id='word_1_270' title='bbox 501 3251 552 3304; x_wconf 87' lang='lat' dir='ltr'><strong>per</strong></span> <span class='ocrx_word' id='word_1_271' title='bbox 571 3239 824 3357; x_wconf 56' lang='lat' dir='ltr'><strong>piropapatccnem,</strong></span> <span class='ocrx_word' id='word_1_272' title='bbox 848 3239 876 3316; x_wconf 77' lang='lat' dir='ltr'><strong>et</strong></span> <span class='ocrx_word' id='word_1_273' title='bbox 894 3251 1020 3332; x_wconf 66' lang='lat' dir='ltr'><strong>pesona</strong></span> <span class='ocrx_word' id='word_1_274' title='bbox 1038 3250 1090 3305; x_wconf 83' lang='lat' dir='ltr'><strong>per</strong></span> 
     </span>
     <span class='ocr_line' id='line_1_33' title="bbox 187 3301 1090 3443; baseline 0 -86"><span class='ocrx_word' id='word_1_275' title='bbox 187 3305 462 3443; x_wconf 46' lang='grc' dir='ltr'><strong>ἴρἐῖῗοέἰαῖθῑπῶιῖἔηέ</strong></span> <span class='ocrx_word' id='word_1_276' title='bbox 484 3319 544 3428; x_wconf 49' lang='lat' dir='ltr'><strong>¹(bna</strong></span> <span class='ocrx_word' id='word_1_277' title='bbox 601 3308 735 3358; x_wconf 74' lang='lat' dir='ltr'><strong>scermtm</strong></span> <span class='ocrx_word' id='word_1_278' title='bbox 759 3301 796 3358; x_wconf 83' lang='lat' dir='ltr'><strong>ab</strong></span> <span class='ocrx_word' id='word_1_279' title='bbox 823 3302 893 3357; x_wconf 89' lang='lat' dir='ltr'><strong>alus.</strong></span> <span class='ocrx_word' id='word_1_280' title='bbox 953 3305 1000 3357; x_wconf 83' lang='lat' dir='ltr'><strong>De</strong></span> <span class='ocrx_word' id='word_1_281' title='bbox 1026 3321 1090 3357; x_wconf 82' lang='lat' dir='ltr'><strong>con·</strong></span> 
     </span>
    </p>
   </div>
   <div class='ocr_carea' id='block_1_9' title="bbox 0 0 1326 3816">
    <p class='ocr_par' dir='ltr' id='par_1_11' title="bbox 0 0 1326 3816">
     <span class='ocr_line' id='line_1_34' title="bbox 0 0 1326 3816; baseline 0 0"><span class='ocrx_word' id='word_1_282' title='bbox 0 0 1326 3816; x_wconf 95' lang='lat' dir='ltr'><strong> </strong></span> 
     </span>
    </p>
   </div>
  </div>
 </body>
</html>
