2640 3816
411 315 490 373 cult
506 314 608 373 DEUS
626 315 745 374 ΗΟΜΟ.
780 316 804 373 I.
824 321 865 373 25.
1053 313 1095 382 51

183 489 220 546 ad
247 485 301 544 hoc
326 485 455 557 provehi,
481 486 519 541 cd
547 486 622 558 quod
647 486 739 542 factus
765 491 817 542 est
852 483 1029 555 Quapropter
1045 491 1096 540 aut
1114 483 1146 537 10

182 581 262 630 entra
289 571 374 627 fidem
401 571 581 628 christianam
613 572 781 628 invenienda
815 576 858 627 ost
883 568 1095 641 1111111111-

118 682 121 692 ⁴
181 659 276 728 factio,
296 658 408 729 qualem
428 675 513 729 supra
532 673 594 712 esse
612 657 715 712 debere
729 655 910 726 ostendimus,
928 656 1004 728 quod
1014 655 1094 712 nulla

180 745 252 800 ratio
286 750 380 816 potest
408 742 570 813 ostendere,
598 746 648 797 aut
676 739 866 797 indubitanter
893 742 924 798 in
952 741 1002 798 illa
1032 759 1093 799 esse

181 829 323 888 'credenda
348 835 398 886 est
442 827 525 893 Quod
548 828 623 883 enim
645 826 802 882 necessarie
824 826 934 884 ratione
957 826 1092 884 veraciter
1111 827 1142 880 11

180 932 241 972 esse
260 915 415 988 colligitur,
442 912 472 967 id
497 913 527 966 in
550 913 656 970 atillam
683 910 768 968 debet
792 913 893 968 deduci
912 913 1092 984 dubietatem,

180 1001 290 1058 etiamsi
307 1001 380 1056 ratio
401 998 541 1070 quomodo
559 999 597 1053 sit
615 1015 673 1054 non
688 997 847 1070 percipituu.
882 999 951 1055 Bos.
985 997 1092 1057 Verum

180 1085 317 1157 estquod
336 1084 414 1140 dicis.
449 1083 520 1140 Aac.
539 1081 615 1148 Quid
631 1099 699 1154 ergo
718 1084 829 1154 quaeris
848 1083 987 1154 amplius?
1021 1085 1091 1140 Boe.
1111 1079 1143 1132 ¹2

179 1171 245 1230 Non
269 1171 307 1226 ad
330 1170 384 1226 hoe
405 1169 484 1239 veni,
508 1175 541 1223 ut
564 1169 676 1224 auferas
698 1169 767 1224 mihi
789 1169 855 1224 fidei
879 1169 1091 1240 dubitationem,

179 1256 232 1311 sed
247 1260 280 1310 ut
297 1256 428 1312 ostendas
444 1253 514 1310 mihi
529 1254 703 1312 certitudinis
722 1271 802 1312 meae
818 1253 955 1310 rationem
963 1255 999 1324 1);
1024 1271 1092 1326 qua·

179 1344 293 1410 propter
319 1338 392 1395 sicut
415 1357 460 1396 me
491 1339 696 1395 rationabiliter
727 1340 867 1395 deduxisti
895 1339 933 1395 ad
963 1340 1030 1410 hoc,
1057 1344 1092 1396 ut

178 1424 291 1480 videam
323 1423 463 1482 hominem
498 1430 675 1498 peccatorem
713 1426 767 1482 hoc
801 1425 904 1482 debere
938 1425 1001 1482 Deo
1038 1442 1091 1497 pro

179 1515 304 1581 peccato,
323 1511 445 1583 quodct
461 1511 580 1568 reddere
596 1512 694 1582 nequit
711 1519 740 1568 et
758 1512 813 1568 nisi
824 1512 977 1570 reddiderit
989 1512 1091 1568 salvari

178 1611 236 1649 non
258 1596 348 1651 valet:
376 1595 417 1651 ita
442 1596 506 1650 volo
531 1611 576 1650 me
600 1597 738 1667 perducas
762 1597 844 1666 illuc,
872 1605 906 1653 ut
930 1597 1092 1653 rationabili

178 1680 345 1734 necessitate
371 1679 527 1751 intelligam
552 1697 613 1736 csse
642 1689 770 1753 oportere
802 1681 896 1737 omnia
924 1679 987 1749 illa,
1019 1696 1092 1751 quae

128 1825 134 1837 ,
178 1763 260 1818 nobis
285 1763 355 1820 fides
382 1765 521 1822 catholica
551 1766 586 1822 de
613 1767 723 1823 Christo
748 1767 862 1824 credere
886 1764 1039 1835 praecipit,
1068 1764 1093 1820 si

178 1849 307 1904 volumus
334 1849 450 1918 salvari,
479 1858 507 1906 11
535 1852 604 1925 quid
626 1853 739 1908 valeant
765 1853 803 1908 ad
825 1850 946 1906 salutem
963 1849 1091 1920 hominis,
1114 1923 1116 1928 ι

178 1940 208 1991 et
225 1935 345 2008 qualiter
363 1933 441 1990 Deus
461 1936 651 1992 misericordia
669 1936 758 1991 salvet
774 1936 927 2004 hominem,
953 1951 1018 1989 cum
1035 1950 1092 1990 non

179 2021 302 2076 dimittat
320 2021 363 2076 illi
380 2027 536 2092 peccatum,
552 2022 607 2077 nisi
624 2022 778 2078 reddiderit
798 2021 874 2094 quod
890 2025 1004 2092 propter
1019 2017 1091 2074 illud

179 2106 278 2176 debet,
301 2114 331 2163 et
352 2113 385 2163 ut
409 2107 542 2164 certiores
561 2107 618 2163 sint
634 2105 889 2179 argumentationes
911 2111 990 2176 tuae,
1015 2105 1055 2161 sic
1074 2123 1093 2162 a

178 2189 263 2262 longe
288 2192 393 2264 incipe,
420 2200 453 2249 ut
477 2209 525 2248 eas
551 2209 636 2265 supra
656 2191 767 2246 firmum
792 2189 1005 2248 fundem0ntum
1026 2208 1091 2248 eon·

179 2275 287 2332 stituas.
323 2279 394 2335 Aac.
429 2277 554 2334 Adiuvat
572 2294 617 2332 me
635 2293 711 2330 nunc
728 2277 819 2346 Deus,
837 2277 904 2349 quia
922 2283 955 2332 tu
972 2277 1090 2334 nullate-
1109 2279 1141 2331 13

178 2379 232 2416 nus
258 2360 326 2416 mihi
348 2362 441 2432 parcis
466 2377 519 2416 nec
540 2361 701 2416 consideras
720 2361 939 2419 imbecillitatem
957 2361 1090 2418 scientiae

178 2463 271 2516 meae,
297 2448 344 2502 oui
360 2453 419 2504 tam
437 2463 660 2520 magnumopus
676 2445 808 2518 iniungis.
843 2448 970 2504 Tentabo
986 2453 1089 2519 tamen,

179 2532 406 2604 quandoquidem
426 2532 532 2604 incepi,
557 2548 615 2586 non
633 2532 663 2586 in
681 2549 725 2586 me
744 2532 842 2586 sedin
858 2531 921 2588 Deo
938 2531 1089 2600 confidens,

178 2622 208 2674 et
240 2617 343 2673 facium
374 2619 450 2689 quod
480 2617 542 2689 ipso
580 2617 733 2673 adiuvante
760 2622 866 2688 potero.
901 2616 958 2673 Sed
986 2635 1022 2674 ne
1048 2614 1142 2674 fis-14

178 2704 294 2762 stidium
318 2703 388 2760 haec
415 2703 521 2760 volenti
546 2703 640 2775 legere
666 2703 748 2758 nimis
774 2703 860 2774 longa
883 2703 1090 2761 continuatione

178 2796 336 2862 generetur,
355 2805 373 2844 a
391 2789 473 2845 dictis
491 2788 610 2847 dicenda
627 2789 682 2847 alio
699 2788 812 2846 exordio
830 2788 1042 2862 distinguamus.

250 2984 276 3047 1)
296 2979 354 3036 cfr.
371 2995 395 3033 c.
414 2985 426 3034 1
456 2983 487 3032 2:
518 2975 618 3047 „Quod
634 2982 743 3048 petunt,
760 2994 817 3031 non
836 2983 869 3033 ut
886 2993 936 3049 per
952 2979 1089 3036 rationem

177 3049 216 3102 ad
232 3049 326 3108 itidem
351 3017 494 3127 accedant,
519 3046 570 3102 sed
596 3053 628 3101 ut
651 3063 747 3101 corum
773 3062 845 3119 quae
870 3049 989 3106 credunt
1008 3049 1089 3106 intel·

177 3115 253 3174 lecta
268 3125 298 3174 et
314 3117 550 3188 contemplatione
568 3115 765 3173 delectentur.“
1125 3145 1127 3150 ·
