2640 3816
344 295 350 344 ὲ
411 291 488 368 cua
505 307 606 367 neos
621 307 762 367 nonos
777 307 813 364 ιι
833 317 860 368 ι.
885 297 887 307 ’
1041 311 1093 379 ‘ot

179 497 182 510 ι
265 479 306 570 7·
357 517 428 572 Aoo.
463 515 694 590 Invesdgsndum
726 520 769 572 est
777 518 797 584 ¹)
831 531 920 584 nunc,
957 515 1125 587 quomodol

179 589 274 674 'possit
290 600 351 658 fieri
367 599 445 658 Deus
461 604 553 658 homo.
588 601 694 658 Divina
717 593 799 658 enim'
810 606 910 656 natura
930 606 958 657 ει
973 600 1095 656 humana

179 704 243 751 nou
261 694 378 758 possunt
396 689 426 744 in
450 687 568 742 invicem
589 687 705 750 mutam,
732 691 765 740 ut
787 685 882 740 divina
906 684 957 741 fiat
973 685 1114 760 humanu3

177 773 230 832 ‚vel
248 774 370 830 humana
390 773 498 843 divina3
521 789 573 828 nec
597 772 638 828 ita
657 771 783 840 misceri,
806 777 838 826 ut
856 772 994 844 quaedam
1012 770 1095 828 tertia

177 859 223 934 *sit
241 877 275 916 ex
296 859 421 928 duabus,
442 875 513 930 quae
528 875 581 914 nec
598 857 692 914 divina
711 858 748 912 sit
765 857 874 914 omnino
894 875 946 914 nec
964 857 1094 914 humana.

181 939 315 1017 ,Denique
343 944 366 1000 si
393 943 453 999 fieri
477 949 585 1013 posset,
613 949 645 998 ut
669 943 757 1000 altera
774 945 804 998 in
821 944 937 1002 alteram
954 941 1126 1000 converte-2

181 1037 277 1094 -retur,
309 1036 359 1085 aut
376 1034 449 1086 esset
474 1034 583 1084 tantum
603 1027 732 1085 Deus-et
754 1046 812 1085 non
837 1028 920 1084 homo
939 1035 988 1091 aut
1005 1028 1094 1086 solum

184 1115 266 1172 homo
286 1122 315 1171 et
330 1134 386 1174 non
404 1114 491 1172 Deus.
525 1113 585 1168 Aut
603 1113 627 1168 si
651 1114 833 1170 miscerentur
849 1116 902 1183 its,
926 1120 958 1169 ut
976 1133 1009 1170 ex
1026 1115 1093 1172 dua·

186 1202 238 1259 bus
256 1202 392 1272 corruptis
411 1201 490 1258 fieret
507 1201 646 1272 quaedam
668 1199 764 1268 tertia,
790 1199 1034 1274 (quemadmodum
1059 1199 1093 1255 de

187 1285 295 1345 duobus
311 1287 462 1344 individuis
479 1285 646 1342 animalibus
666 1285 838 1341 diversarum
850 1285 1004 1358 specierum
1023 1302 1093 1342 mas·

185 1373 250 1434 culo
272 1378 301 1428 ει
324 1372 429 1428 femina
452 1371 577 1428 nascitur
596 1370 721 1441 tertium,
750 1369 824 1444 quod
850 1388 900 1430 nec
919 1369 1093 1442 patriciato

185 1475 265 1530 gram
282 1475 334 1526 nec
352 1459 447 1514 matris
468 1463 560 1513 servat
579 1460 717 1526 naturam,
737 1457 786 1512 sed
806 1475 839 1512 ex
851 1462 969 1530 utraque
982 1458 1094 1514 tertiam

186 1545 312 1612 mixtam)
340 1562 393 1602 neo
415 1545 497 1601 homo
520 1547 667 1597 essetnec
683 1541 769 1599 Deus.
804 1543 869 1598 Non
890 1543 977 1616 igitur
1000 1549 1094 1617 potest
1107 1538 1127 1591 13

186 1628 246 1686 fieri
264 1627 346 1684 homo
366 1631 460 1695 Deus,
481 1645 563 1701 quem
582 1626 740 1699 quaeaimus
762 1644 795 1682 ex
813 1627 907 1684 divina
927 1636 954 1686 et
972 1628 1094 1687 humana

186 1720 295 1780 natura,
323 1722 372 1768 aut
388 1713 566 1770 conversione
584 1712 697 1768 alterius
721 1711 751 1766 in
774 1713 891 1768 alteram
914 1719 964 1770 aut
982 1732 1093 1785 corrup·

187 1799 245 1854 tiva
261 1798 454 1855 commixtione
476 1799 621 1870 utriusque
646 1798 676 1854 in
699 1797 824 1866 tertiam
849 1799 916 1869 quia
938 1799 1008 1856 haec
1033 1799 1094 1854 fissi

179 1877 336 1958 nequeunt,
354 1891 404 1940 aut
421 1884 445 1940 si
462 1884 523 1941 ficri
541 1883 678 1955 valerent,
703 1883 773 1940 nihil
791 1884 826 1938 ad
845 1883 899 1938 hoc
918 1885 992 1956 quod
1011 1902 1093 1958 quac

178 1971 272 2035 [rimus
295 1970 428 2026 valerent.
470 1967 500 2025 Si
525 1975 618 2024 autem
641 1969 767 2042 quolibet
788 1969 870 2026 modo
896 1969 936 2024 ita
962 1970 1128 2042 coniungit

186 2057 317 2112 dicuntur
336 2055 389 2110 bae
406 2053 479 2110 duae
502 2059 618 2110 natmae
636 2054 777 2128 integrae,
803 2060 836 2110 ut
859 2059 953 2110 tamen
969 2055 1040 2112 alius
1058 2055 1095 2110 sit

185 2143 267 2198 homo
288 2142 360 2196 alius
380 2140 417 2195 sit
433 2139 520 2210 Deus,
538 2146 567 2196 et
583 2158 640 2206 non
658 2141 733 2195 idem
750 2141 786 2195 sit
803 2141 881 2197 Deus
899 2141 948 2213 qui
966 2139 1092 2211 ethomo,

185 2221 356 2299 impossibile
374 2233 431 2296 est,
454 2231 488 2280 ut
511 2226 593 2290 ambo
612 2225 718 2292 faciant
738 2225 813 2298 quod
835 2225 896 2282 fieri
913 2243 1026 2283 neccsse
1042 2233 1092 2283 est.

185 2311 260 2369 Nam
274 2311 353 2368 Deus
370 2328 426 2365 non
450 2310 538 2367 faciet
561 2311 628 2384 quia
652 2329 709 2366 non
731 2307 859 2377 debebit,
885 2319 914 2368 et
935 2313 1018 2370 bomo
1036 2320 1126 2372 nont

177 2396 270 2473 ‘faciet
287 2395 353 2468 quia
379 2413 435 2450 non
457 2396 573 2467 poterit3
599 2403 631 2450 ut
648 2411 716 2468 ergo
732 2395 784 2452 boc
802 2396 889 2454 facist
907 2394 985 2455 Deus
1004 2399 1093 2468 homo,
1114 2441 1116 2446 -

176 2497 298 2551 [necesse
316 2486 358 2535 est
375 2480 494 2536 eundem
519 2480 610 2552 ipsum
628 2498 688 2538 esse
706 2482 861 2553 perfectum
877 2482 969 2539 Deum
989 2487 1017 2540 et
1031 2502 1093 2555 per·

183 2564 290 2624 fectum
307 2566 458 2636 hominem,
483 2567 532 2638 qui
553 2567 627 2624 banc
650 2567 866 2624 satisfactionem
890 2567 1015 2639 facturus
1036 2575 1092 2640 est3

185 2654 316 2726 quoniam
338 2668 400 2706 eam
425 2651 519 2708 facere
539 2669 596 2708 non
619 2658 712 2724 potest
740 2652 794 2708 nisi
815 2669 897 2708 verus
921 2653 1012 2726 Deus,
1039 2671 1092 2710 neo
1160 2642 1164 2648 ⁵

185 2739 270 2795 debet
290 2737 344 2792 nisi
364 2753 446 2792 verus
471 2737 561 2795 homo.
597 2737 735 2802 Quoniam
758 2755 825 2810 ergo
849 2733 958 2795 servata
978 2737 1125 2814 integri-6

176 2819 250 2904 [tate⁸
261 2825 407 2894 utriusque
432 2829 549 2878 naturas
573 2840 686 2891 necesse
703 2831 747 2880 εει
763 2824 880 2881 inveniri
896 2825 987 2889 Deum
1005 2825 1105 2896 homi-¹

176 2927 260 2986 luem,
284 2927 341 2965 non
363 2908 454 2962 minus
480 2924 593 2964 necesse
618 2914 660 2964 εει
683 2909 733 2964 has
751 2910 820 2966 duas
837 2919 951 2970 naturas
968 2913 1091 2985 integrm

184 2993 330 3052 convenire
353 2993 383 3048 in
407 2989 492 3048 unam
509 3010 670 3065 personam,
694 2995 926 3066 quemadmodum
944 3014 1043 3069 corpus
1064 3001 1092 3052 et

184 3078 277 3134 anima
312 3077 457 3136 rationalis
497 3073 666 3135 conveniunt
706 3081 736 3136 in
778 3099 864 3138 unum
907 3081 1091 3148 hominem32)

256 3260 280 3370 ιι
298 3303 332 3358 In
350 3321 423 3361 omn.
443 3304 531 3362 Codd.
549 3301 710 3386 hictincipit
726 3266 755 3358 os
768 3311 793 3359 7.
897 3370 904 3385 ⁶

254 3371 281 3439 2)
298 3371 354 3427 cn.
373 3373 535 3442 Symbolum
550 3375 709 3442 timeumque
728 3391 750 3428 s.
761 3373 988 3427 Athanasium
1004 3371 1037 3424 2⁷
1049 3384 1091 3442 sq.
