2640 3816
226 292 274 366 ee,
405 289 433 347 s.
452 289 622 350 menam
641 289 947 350 carmeniensis

177 464 208 518 11
227 460 276 519 det
294 465 323 516 et
338 476 394 516 nen
411 475 445 516 ex
469 460 563 518 debito
579 461 680 529 Deest)
716 463 787 516 Bos.
822 460 868 516 Ita
883 466 933 516 est
967 461 1038 516 Ass.
1072 459 1137 518 Hoe

227 545 320 604 satem
350 562 408 602 nee·
433 545 487 606 snb
515 545 564 602 illo
592 562 645 602 nee
674 551 752 602 extra
783 546 862 602 illum
890 543 1009 602 inveniri
1034 551 1135 616 potest

178 637 210 690 11
227 633 296 686 Bos.
334 632 440 692 Verum
457 637 507 686 est
541 633 611 686 Am.
636 630 670 686 In
687 631 749 703 ipso
764 632 850 704 igitur
869 629 1065 688 inveniendum
1083 636 1134 687 est

227 718 297 773 Bos.
315 716 362 774 sie
379 715 512 787 sequitur.
546 716 616 772 Arsa.
638 714 699 770 Aut
715 715 802 787 igitur
819 715 941 788 seipsum
960 721 1010 772 aut
1026 715 1147 787 aliquid

179 809 210 861 13
228 801 264 856 de
281 818 312 857 se
328 801 413 856 dabit.
448 803 518 858 Bos.
545 801 609 859 Non
633 818 747 873 possum
764 801 844 858 aliter
862 800 1026 872 intelligere.
1062 803 1134 857 Am.

229 885 423 951 Quaerendum
453 893 496 941 est
522 903 610 957 mmo,
640 887 797 950 cuiusmodi
824 886 893 942 haee
921 885 996 944 datio
1022 885 1135 942 debebit

228 987 299 1028 esse.
332 968 409 1025 Dare
431 987 551 1044 namque
573 989 604 1026 se
627 987 683 1027 non
705 970 808 1042 poterit
822 969 883 1026 Deo
903 976 954 1026 aut
970 970 1079 1042 aliquid
1100 971 1136 1026 de

229 1073 259 1111 se
275 1054 357 1126 qnasi
374 1071 431 1110 non
449 1055 573 1128 habenti,
596 1062 629 1112 ut
646 1074 713 1112 suus
730 1055 783 1126 sit3
805 1056 936 1128 quoniam
953 1056 1041 1112 omnis
1059 1073 1136 1112 eres-

80 1143 85 1160 *
179 1140 212 1192 14
228 1145 293 1196 tura
312 1137 367 1196 Dei
383 1146 433 1196 est
470 1143 540 1198 Bos.
561 1140 608 1200 Sie
626 1146 676 1197 est.
715 1141 784 1194 Arsa.
802 1139 849 1197 sie
870 1157 935 1211 ergo
952 1141 1137 1213 intelligenda

229 1231 271 1282 est
288 1224 359 1282 haee
380 1225 468 1296 datio,
495 1227 561 1300 quia
584 1228 679 1300 aliquo
702 1223 784 1280 modo
801 1229 886 1295 ponet
902 1242 933 1280 se
949 1225 987 1280 ad
1003 1225 1137 1284 bonorem

227 1308 282 1366 Dei
302 1315 351 1366 aut
367 1310 473 1382 aliquid
493 1311 528 1366 de
548 1327 586 1380 se,
606 1328 661 1382 quo
679 1309 761 1364 modo
782 1308 891 1366 debitor
907 1326 963 1364 non
981 1308 1040 1366 erit.
1066 1313 1136 1368 Bos.

180 1401 211 1452 15
228 1395 274 1452 Ite
294 1395 419 1466 sequitur
438 1413 471 1450 ex
490 1413 574 1469 supra
591 1397 681 1452 dietis.
715 1395 784 1450 Ans.
809 1393 840 1451 si
858 1393 981 1464 dicimus,
1002 1395 1069 1468 qnia
1087 1396 1136 1451 da-

228 1479 270 1537 bit
290 1479 413 1550 seipsum
435 1480 473 1536 ad
496 1480 683 1537 obediendum
704 1481 782 1550 Deo,
804 1486 836 1534 nt
853 1487 1060 1551 perseveranter
1079 1497 1135 1536 ser·
1197 1491 1205 1508 ⁸

227 1565 320 1621 vando
342 1564 477 1620 iustitiam
496 1566 599 1624 subdat
620 1583 650 1622 se
676 1564 735 1625 eius
757 1565 908 1635 voluntati3
931 1583 988 1628 non
1012 1566 1064 1622 erit
1081 1565 1136 1622 hoe

228 1651 310 1722 dare,
336 1651 412 1723 quod
428 1650 504 1708 Deus
528 1652 565 1708 eb
587 1652 637 1708 illo
658 1669 715 1709 non
733 1651 827 1723 exigat
846 1668 880 1705 ex
897 1649 1001 1706 debito.
1040 1649 1137 1707 Omnis

228 1737 303 1792 enim
327 1737 470 1794 rationalis
496 1740 624 1792 ereatura
651 1734 736 1792 debet
759 1736 832 1792 bane
854 1734 1041 1792 obedientiam
1064 1736 1136 1792 Deo.

179 1817 211 1869 16
228 1825 297 1880 Bos.
325 1822 388 1878 Hoe
405 1821 503 1894 negari
519 1821 625 1894 nequit
660 1823 729 1878 Ana.
762 1822 827 1878 Alio
841 1821 937 1892 itaque
954 1822 1038 1876 modo
1056 1838 1136 1894 opor-

228 1913 269 1966 tet
285 1913 319 1964 ut
341 1909 389 1965 det
409 1925 440 1964 se
463 1907 555 1977 ipsum
578 1905 639 1964 Deo
662 1914 712 1964 ant
733 1907 840 1979 aliquid
861 1907 896 1961 de
914 1922 960 1960 se„
990 1909 1058 1963 Bos.
1087 1905 1136 1961 Ad

179 1992 210 2042 11
228 1992 282 2050 hoe
299 2009 350 2048 nos
369 1991 489 2062 impellit
504 1991 585 2048 ratio.
622 1993 691 2047 Arsa.
714 1990 882 2061 Videamus,
898 1991 922 2045 si
940 1990 1012 2048 forte
1030 1990 1084 2046 boe
1100 1990 1137 2044 sit

228 2077 315 2132 vitam
334 2093 418 2145 snam⁴
435 2077 502 2131 dare
520 2075 578 2131 sive
595 2092 699 2146 ponere
716 2075 836 2130 animam
855 2093 935 2130 suam
951 2077 1009 2132 sive
1025 2077 1137 2134 tradere

229 2161 351 2232 seipsum
372 2160 454 2226 morti
479 2159 516 2214 ad
532 2158 673 2219 ¹bonorem
694 2160 759 2218 Dei.
795 2159 859 2216 Hoe
881 2161 955 2218 enim
981 2178 1015 2216 ex
1041 2163 1136 2218 debito

228 2245 306 2304 Deus
331 2262 388 2301 non
416 2245 511 2315 exiget
537 2244 574 2301 ab
600 2243 667 2314 illo;
698 2245 829 2317 quoniam
854 2263 975 2319 namque
1002 2263 1058 2304 non
1084 2246 1137 2304 erit

176 2330 211 2384 18
228 2337 375 2404 peceatum
398 2331 428 2386 in
450 2330 511 2401 illo,
536 2346 592 2384 non
615 2329 729 2387 debebit
746 2332 830 2403 mori,
853 2337 886 2388 ut
902 2332 1029 2388 diximus.
1066 2336 1137 2388 Bos.

203 2455 205 2460 ,
228 2417 319 2474 Aliter
348 2433 456 2489 nequeo
487 2415 651 2486 intelligere.
692 2419 761 2474 Arse.
798 2417 1009 2475 Consideremus
1035 2417 1136 2486 adhue,

228 2509 321 2558 utrum
338 2503 379 2558 sio
396 2500 598 2558 rationabiliter
616 2502 771 2558 conveniat.
807 2505 876 2559 Bos.
899 2502 955 2558 Die
971 2507 1017 2572 tu3
1037 2509 1065 2558 et
1082 2519 1135 2574 ego

180 2587 212 2638 19
227 2588 347 2646 libenter
369 2588 488 2645 audiam
523 2588 593 2642 Ans.
626 2586 657 2643 si
680 2587 762 2642 homo
788 2603 839 2658 per
857 2587 1022 2644 navitatem
1036 2603 1135 2659 peaes·

227 2673 276 2744 vit,
301 2691 394 2730 annon
412 2674 554 2743 convenit,
578 2679 610 2730 ut
625 2691 676 2744 per
693 2671 871 2744 asperitatem
890 2672 1063 2730 satisfaciat?
1092 2673 1136 2728 ΙΕ1

228 2759 327 2815 sitam
343 2760 428 2816 fseile
452 2759 542 2814 vietus
568 2763 611 2816 est
634 2776 653 2814 a
677 2756 802 2828 diabolo,
829 2763 862 2812 ut
876 2757 970 2813 Deum
991 2760 1136 2830 peccando
1173 2817 1179 2826 ,

229 2841 424 2914 exhonoraret,
447 2849 480 2900 ut
502 2843 612 2900 facilius
633 2860 689 2897 non
711 2847 822 2913 posset3
846 2858 939 2900 nonne
963 2844 1067 2900 iustum
1084 2848 1135 2912 est,

228 2933 261 2983 ut
282 2927 363 2982 homo
388 2929 562 2985 satisfaciens
578 2929 640 2984 Deo
665 2944 716 3000 pro
739 2933 855 2999 peccato
872 2935 952 2985 tanta
971 2928 1137 2984 difficultate

207 3067 210 3074 .
228 3013 323 3070 vineat
339 3012 480 3070 diabolum
498 3015 536 3069 ad
552 3015 684 3070 bonorem
700 3013 763 3085 Dei,
787 3019 820 3068 ut
838 3014 934 3070 maiori
953 3032 1009 3070 non
1027 3011 1134 3086 possit?

177 3089 211 3140 2⁰
227 3099 331 3164 Annon
356 3104 400 3154 est
426 3099 554 3170 dignum,
584 3107 721 3172 quatenus
751 3100 799 3171 qui
823 3118 854 3156 se
876 3101 917 3156 sie
938 3100 1056 3156 abstulit
1071 3099 1135 3154 Deo

228 3184 380 3258 peccando,
399 3191 431 3238 ut
450 3199 479 3238 se
496 3184 559 3255 plus
580 3185 689 3241 auferre
706 3202 761 3240 non
781 3192 885 3259 posset,
903 3187 943 3240 sie
961 3203 991 3242 se
1009 3186 1057 3241 det
1073 3183 1134 3240 Deo

240 3347 246 3358 ’
298 3358 323 3429 1)
341 3353 503 3426 01111ρη
521 3370 546 3411 e.
564 3360 589 3411 6.
