2640 3816
234 274 280 342 58
430 271 457 328 S.
477 269 650 330 Ausum
668 267 977 326 sanwsamusls

235 441 366 515 quoniam
377 442 459 498 aliter
470 441 530 498 fieri
542 441 646 514 nequit,
663 447 697 496 ut
707 440 782 498 idem
794 440 855 512 ipse
865 439 903 494 sit
912 436 1053 508 perfectus
1064 435 1144 493 Deus

200 541 203 544 “
234 533 262 586 at
278 529 419 600 perfectus
436 529 526 585 homo.
561 529 629 581 Bos.
645 525 749 584 Totum
766 526 833 582 milri
851 525 952 598 placet,
971 521 1048 597 quod
1065 523 1145 580 dicis.

202 695 214 746 1
312 666 355 754 80
406 701 475 755 Ans.
510 698 609 755 Restat
624 715 699 754 nunc
716 715 857 786 quaerere,
875 698 950 754 unde
965 697 1145 769 etquomouo

233 791 356 844 assumet
380 785 458 840 Deus
485 784 634 840 humanam
659 790 795 840 naamam.
835 783 895 840 Aut
920 783 1006 840 enim‘
1022 787 1147 839 assumet

235 889 297 929 eam
317 871 352 927 de
368 871 461 926 Adam
488 876 537 926 aut
560 870 645 926 faciet
667 886 769 926 norum
787 868 943 939 hominem,
967 867 1147 942 quemadmo-

200 964 216 1014 2
234 956 302 1012 dum
324 955 392 1012 fecit
408 954 502 1012 Adam
525 957 561 1012 de
582 955 660 1012 nullo
684 957 740 1013 alio
763 954 882 1012 homine.
919 954 975 1012 Sed
998 955 1023 1010 si
1041 971 1146 1011 novum

233 1040 374 1097 hominem
393 1040 463 1096 facit
479 1058 535 1098 non
560 1057 594 1096 cx
615 1041 696 1097 Adae
721 1059 837 1114 genere,
860 1058 917 1098 non
939 1041 1089 1114 pertinebit
1107 1040 1145 1096 ad

236 1145 325 1202 genus
341 1126 492 1184 humanum
517 1128 592 1199 quod
616 1132 714 1182 natum
732 1132 775 1182 est
796 1127 832 1183 de
849 1126 960 1198 Adam3
984 1145 1072 1199 quare
1087 1140 1146 1183 non

201 1214 217 1265 3
236 1212 349 1271 debebit
372 1213 533 1270 satistaosre
553 1231 604 1285 pro
626 1229 672 1283 eo,
693 1213 761 1284 quia
784 1230 841 1269 non
866 1213 919 1268 erit
937 1211 973 1269 de
990 1231 1031 1270 eo.
1066 1213 1146 1272 Sicut

236 1301 310 1357 enim
328 1306 435 1355 rectum
455 1305 505 1368 est,
523 1303 557 1353 ut
572 1316 624 1370 pro
643 1297 728 1369 eulpa
743 1298 863 1354 hominis
881 1299 962 1356 homo
982 1299 1144 1370 satisfaciat,

235 1385 276 1440 ita
298 1401 412 1440 necesse
440 1389 494 1454 est,
523 1390 556 1440 ut
579 1383 751 1440 satisfaciens
776 1384 851 1443 idem
873 1385 910 1440 sit
933 1384 982 1456 qui
1005 1391 1145 1456 peccator,

235 1475 286 1525 aut
302 1469 426 1526 eiusdem
448 1469 575 1542 genesim
602 1471 683 1527 aliter
706 1485 826 1545 namque
843 1487 898 1527 nec
915 1471 1009 1526 Adam
1024 1488 1077 1527 nec
1095 1487 1144 1544 ge·

202 1560 290 1612 lnus
313 1555 372 1611 eius
395 1555 546 1613 satisfaciet
554 1557 574 1625 ¹)
599 1573 650 1628 pro
673 1573 710 1612 se.
746 1557 823 1631 Ergo
844 1557 918 1613 sicut
942 1556 978 1612 de
1000 1557 1094 1612 Adam
1118 1563 1146 1614 et

236 1641 298 1698 Era
320 1647 468 1712 peccatum
491 1643 521 1698 in
545 1660 640 1700 omnes
663 1642 788 1698 homines
811 1646 999 1715 propagatum
1024 1649 1079 1713 est,
1104 1641 1146 1698 ita

236 1728 338 1798 nullus,
356 1727 410 1782 nisi
427 1729 472 1785 vel
489 1727 543 1800 ipsi
559 1728 605 1784 vel
626 1727 675 1799 qui
692 1727 727 1784 de
742 1728 797 1782 illis
812 1728 944 1792 nascitur,
962 1731 1013 1800 pro
1029 1732 1146 1799 peceato

235 1815 380 1869 hominum
397 1813 558 1871 satisfacere
576 1813 667 1870 debet.
699 1813 836 1878 Quoniam
853 1832 920 1887 ergo
936 1813 978 1868 illi
994 1820 1145 1886 nequeunt,

204 1905 351 1957 5necesse
375 1907 417 1956 est
445 1906 477 1957 ut
500 1900 536 1955 de
565 1901 621 1956 illis
647 1900 697 1972 sit,
732 1900 780 1972 qui
803 1900 857 1955 hoc
874 1899 967 1956 faciet.
1002 1899 1145 1974 Amplius:

238 1986 309 2041 sicut
330 1986 423 2042 Adam
449 1992 477 2043 et
498 1991 589 2040 totum
614 2003 702 2057 genus
727 1987 785 2042 eius
808 2004 859 2058 per
888 2002 918 2041 se
940 1985 1063 2042 stetisset
1087 1985 1147 2041 sine

238 2073 440 2127 sustentatione
473 2069 586 2124 alterius
616 2075 760 2124 creaturae
787 2071 811 2125 si
836 2086 893 2126 non
916 2077 1074 2142 peccasset,
1107 2072 1147 2127 ita

238 2161 361 2227 oportet,
385 2163 417 2212 ut
442 2155 466 2210 ei
488 2153 563 2210 idem
582 2171 671 2226 genus
686 2155 811 2227 resurgit
831 2160 895 2228 post
914 2174 1024 2229 casum,
1049 2175 1100 2229 per
1117 2173 1147 2214 sa

205 2241 221 2292 6
238 2246 367 2313 resurgat
390 2247 419 2297 et
438 2241 583 2298 relevetur.
617 2240 691 2298 Nam
715 2259 764 2313 per
787 2248 980 2314 quemcunque
997 2243 1027 2298 in
1043 2249 1148 2299 statum

237 2324 414 2396 restituatur,
439 2342 490 2397 per
515 2325 594 2381 illum
618 2325 716 2399 utique
739 2327 838 2398 stabit,
865 2343 916 2398 per
940 2346 1023 2401 quem
1043 2334 1148 2384 statum

205 2417 320 2467 'lsuum
342 2411 528 2484 recuperabit.
563 2413 640 2468 Deus
667 2412 751 2469 etiam
769 2413 882 2484 quando
901 2413 1050 2470 humanam
1066 2420 1147 2470 natu-
1180 2468 1182 2470 .

237 2513 297 2552 ram
322 2497 451 2568 primitus
478 2498 545 2553 fecit
568 2497 599 2552 in
622 2497 680 2552 solo
704 2498 798 2554 Adam
819 2516 872 2554 nec
896 2498 1042 2571 feminam,
1062 2506 1095 2555 ut
1111 2499 1149 2556 de

237 2587 357 2656 utroque
386 2600 455 2640 sexu
484 2582 736 2654 multiplicarentur
765 2583 904 2656 homines,
937 2583 1029 2640 facere
1058 2585 1149 2640 voluit

237 2667 292 2722 nisi
321 2668 356 2725 de
382 2669 457 2742 ipso,
487 2675 583 2741 aperte
606 2667 780 2738 monstravit,
805 2685 835 2724 se
857 2686 914 2725 non
930 2670 985 2726 nisi
1003 2669 1038 2724 de
1055 2667 1149 2726 Adam

238 2752 360 2812 voluisse
383 2755 491 2826 faeere,
516 2755 592 2827 quod
616 2755 652 2809 de
678 2753 800 2809 humana
817 2760 919 2811 natura
934 2755 1061 2812 facturus
1081 2761 1149 2812 erat.

206 2832 415 2910 Quapropter
439 2841 463 2896 si
486 2857 575 2912 genus
605 2838 686 2895 Adae
716 2857 767 2911 per
792 2839 913 2913 aliquem
936 2839 1077 2897 relevatur
1100 2841 1149 2896 ho·

239 2921 354 2994 minem,
372 2925 420 2996 qui
437 2925 548 2982 nonsit
566 2927 601 2982 de
619 2925 715 2982 eodem
733 2943 851 2998 genere,
872 2943 930 2982 non
947 2925 1071 2983 inillam
1088 2926 1149 2998 dig-

239 3009 370 3081 nitatem,
394 3028 478 3082 quam
501 3012 660 3069 habiturum
686 3017 746 3067 erat
770 3011 794 3067 si
814 3029 871 3069 non
887 3019 1031 3084 peccasset
1047 3011 1149 3082 Adam,

240 3101 269 3153 et
295 3095 358 3150 ideo
383 3113 441 3151 non
465 3096 574 3170 integre
602 3097 816 3168 restaurabitur,
843 3103 872 3154 st
895 3095 951 3153 Dei
975 3097 1149 3168 propositum

240 3181 359 3239 deficere
376 3181 531 3250 ridebitur,
555 3199 628 3255 quae
653 3180 949 3238 duo'inconrenientia
972 3187 1053 3254 sunt3
1083 3199 1150 3254 erge

236 3397 239 3402 ,
262 3395 263 3400 1
310 3341 336 3405 1)
354 3325 537 3407 mtisfacerct'
548 3331 635 3393 Aah
649 3355 673 3392 c.
