2640 3816
406 306 483 366 eUR
501 304 600 364 Deus
617 305 735 363 HOMO.
770 303 853 362 Ι.18.
1037 303 1080 370 33

172 479 244 534 Aac.
272 476 366 532 Aliam
389 477 482 534 adhuc
506 479 631 535 eiusdem
657 477 811 534 sententiae
836 491 917 547 posse
937 473 993 528 dici
1010 479 1079 546 puto

171 565 316 620 rationem.
347 563 416 618 Bos.
433 563 515 618 Hanc
535 577 646 634 quoque
663 563 787 634 proferre
805 561 900 617 debes.
926 561 996 616 Aac.
1016 559 1080 614 Cre
1098 564 1131 615 27

173 651 263 706 dimus
288 649 360 704 hanc
387 650 484 704 mundi
510 650 611 706 molem
638 662 799 719 corpoream
823 647 853 701 in
878 646 977 702 melius
1002 662 1081 701 reno·

172 737 294 792 caudam
310 751 363 790 nec
379 735 432 789 hoc
449 734 575 790 fetuum
596 751 664 798 esse,
682 736 772 790 denec
790 734 939 804 impleatur
949 747 1081 786 numerus

174 823 324 877 electorum
342 819 485 874 hominum
504 825 532 874 et
549 819 599 873 illa
616 820 700 874 beata
717 818 878 890 perficiatur
892 818 1005 888 civitas,
1029 831 1082 873 nee

173 913 238 979 post
262 907 321 962 eius
343 904 543 976 perfectionem
567 899 760 960 differendum.
796 903 880 960 Unde
903 903 998 978 colligi
1019 908 1081 974 pot
1098 907 1132 958 28

174 999 216 1050 est
232 992 325 1048 Deum
342 991 378 1046 ab
396 988 476 1044 initio
496 989 687 1060 proposuisse,
704 995 737 1043 ut
753 993 903 1060 utrumque
921 990 1004 1044 simul
1020 1007 1082 1061 per-

88 1133 90 1138 ,
172 1079 283 1149 ficeret3
310 1082 448 1151 quatenus
466 1077 496 1128 et
514 1073 603 1128 minor
620 1091 692 1146 quae
708 1073 801 1130 Deum
817 1091 873 1129 non
891 1075 1014 1145 sentiret,
1034 1092 1082 1130 na·

172 1171 320 1221 ducante
343 1162 480 1217 maiorem.
501 1175 573 1230 quae
591 1159 653 1215 Deo
676 1160 732 1214 frui
753 1159 879 1230 deberet,
905 1177 1083 1231 nequaquam

136 1277 138 1286 ι
172 1251 365 1325 perficeretur3
389 1253 418 1304 et
440 1246 471 1299 in
494 1245 606 1300 maioris
624 1245 795 1316 perfectione
813 1252 921 1301 muwta
937 1246 967 1299 in
984 1245 1082 1301 melius

173 1355 224 1394 suo
250 1335 372 1408 quodam
400 1332 482 1387 modo
509 1330 589 1402 quasi
617 1335 876 1404 congratularetur3
894 1331 961 1386 ‘imo
993 1330 1083 1386 omnis

174 1429 302 1478 creature
322 1420 358 1476 de
375 1427 434 1475 tarn
451 1417 573 1488 gloriosa
592 1423 620 1471 et
640 1423 698 1474 tam
718 1418 876 1476 admirabili
894 1417 938 1472 sui
956 1433 1084 1474 consum·

173 1507 294 1562 mationa
311 1505 366 1576 ipsi
392 1502 510 1558 creatori
530 1508 558 1557 et
578 1501 632 1557 sibi
651 1502 769 1559 invicem
786 1521 913 1576 quaeque
932 1521 983 1559 suo
1000 1503 1083 1558 modo

173 1597 286 1646 aeterne
310 1589 514 1660 congaudendo
538 1586 750 1658 iocundaratur,
776 1595 914 1660 quatenus
937 1590 1013 1661 quod
1026 1591 1083 1644 'vo-

172 1675 267 1729 luntas
288 1675 318 1730 in
341 1673 472 1729 rationali
493 1678 595 1726 natura
619 1678 718 1743 sponte
741 1670 830 1743 facit,
847 1675 900 1731 hoc
920 1681 949 1730 et
965 1675 1022 1730 iam
1042 1674 1083 1730 in-

174 1759 313 1814 sensibilis
330 1763 457 1814 creatura
473 1775 525 1828 per
541 1754 597 1812 Dei
624 1758 833 1828 dispositionem
852 1759 1017 1814 naturaliter
1038 1775 1083 1812 ex·

172 1842 290 1897 biberet.
331 1842 456 1898 Solemus
480 1857 602 1915 namque
625 1843 656 1898 in
681 1844 817 1899 maiorum
835 1851 992 1901 nostrorum
1010 1843 1083 1900 exal·
1100 1844 1134 1896 29

172 1927 279 1982 tatione
301 1929 491 1999 congaudere,
515 1936 548 1984 ut
569 1945 633 1984 cum
651 1929 681 1984 in
702 1930 837 1986 natalitiis
856 1929 1020 1986 Sanctorum
1037 1945 1082 1984 ex·

172 2012 310 2068 uitatione
327 2012 429 2068 festiva
451 2014 636 2070 iocundamur
658 2016 693 2072 de
717 2017 808 2088 gloria
824 2033 919 2072 cortun
937 2016 1081 2071 laetantes.

164 2097 265 2162 'Quam
287 2097 455 2154 sententiam
477 2101 548 2156 illud
567 2101 700 2157 adiuvare
718 2101 842 2172 videtur,
867 2091 940 2174 quia*
950 2100 974 2156 si
989 2101 1083 2156 Adam
1100 2102 1133 2154 ³0

173 2196 230 2234 non
246 2187 397 2254 peccasset,
418 2185 542 2241 differret
559 2194 652 2242 tamen
670 2187 748 2243 Deus
765 2187 843 2242 illam
863 2184 1004 2241 civitatem
1020 2203 1083 2256 per-

172 2263 272 2334 ficere,
295 2267 384 2323 donec
408 2271 547 2339 completo
575 2289 608 2326 ex
630 2273 788 2330 hominibus
812 2289 895 2345 quem
919 2271 1085 2342 expectabat

175 2366 298 2419 numere,
315 2352 371 2421 ipsi
383 2371 494 2426 quoque
511 2355 636 2411 homines
654 2357 684 2411 in
703 2373 859 2431 corporum,
878 2362 910 2411 ut
927 2356 967 2412 ita
984 2358 1083 2428 dicam,

174 2436 358 2492 immortalem
378 2443 629 2497 transmutarentur
653 2442 897 2498 immortalitatem.
931 2442 1084 2499 Habebant
1101 2438 1132 2490 31

176 2521 250 2576 enim
282 2521 313 2575 in
342 2524 473 2592 paradiso
502 2527 644 2599 quandam
674 2527 909 2583 immortalitatem
935 2529 953 2583 i.
982 2545 1006 2584 e.
1035 2545 1083 2600 po-

174 2610 304 2660 testatem
329 2615 386 2662 ncn
411 2612 560 2683 moriendi,
587 2614 637 2668 sed
664 2631 720 2668 nou
746 2620 806 2669 erat
822 2614 992 2670 vimmortalis
1014 2613 1085 2669 haec

175 2695 314 2762 potestas,
334 2693 400 2764 quia
416 2703 528 2765 poterat
543 2699 626 2769 mori,
651 2704 684 2753 ut
701 2697 809 2752 scilicet
826 2698 880 2768 ipsi
895 2717 953 2754 uon
971 2705 1085 2770 possent

175 2777 253 2832 mori.
275 2777 372 2842 *Quod
394 2779 446 2848 si¹l
472 2782 513 2836 ita
537 2790 591 2854 est,
615 2789 649 2838 ut
669 2783 801 2838 videlicet
822 2782 987 2838 rationalem
1007 2783 1085 2840 illam
1102 2785 1136 2836 32

177 2871 205 2920 st
221 2864 335 2921 beatam
353 2863 494 2924 civitatem
514 2874 547 2923 et
562 2868 635 2924 hanc
653 2869 823 2924 mundanam
840 2868 1084 2942 insensibilemque

176 2956 305 3006 naturam
325 2951 404 3008 Deus
421 2953 457 3008 ab
475 2953 555 3009 initio
580 2953 755 3026 proposuerit
772 2953 855 3009 simul
871 2953 1019 3025 perficere,
1043 2955 1084 3008 vi-

178 3035 261 3090 detur
279 3037 346 3110 quia
366 3043 415 3092 aut
431 3037 480 3094 illa
497 3039 595 3094 civitas
613 3057 670 3094 non
688 3045 749 3094 erat
766 3040 905 3110 completa
921 3039 952 3118 in
969 3055 1084 3094 numero

177 3122 339 3192 angelorum
356 3132 421 3180 aute
442 3124 579 3182 malorum
600 3125 722 3196 rmuam,
746 3125 796 3182 sed
813 3126 979 3196 expectabat
997 3125 1084 3192 Deus,
1130 3125 1135 3162 ’·

177 3212 210 3260 ut
243 3223 304 3262 eam
335 3208 370 3264 de
397 3208 553 3265 hominibus
582 3211 749 3282 compleret,
782 3211 895 3282 quando
924 3223 1085 3282 corpoream

249 3364 274 3431 1)
297 3361 356 3417 Sed
374 3365 403 3418 si
419 3365 480 3422 Aa

912 3453 927 3502 3
