2640 3816
215 301 265 367 oo
397 298 425 356 a
445 293 616 356 manum
635 247 944 354 amnesamnes

214 465 377 537 wemmam,
405 473 433 524 et
456 468 519 537 dio,
548 468 616 540 qnia
632 468 714 522 valde
733 453 879 536 convenit‚'
899 465 1127 538 utquomannoss

214 555 285 610 dnm
316 553 436 610 hominis
465 559 618 624 peecatum·
638 560 666 608 et
693 569 779 609 eausa
804 559 917 609 nostrae
943 552 1127 608 damnationis

163 635 176 676 Ψ
218 640 328 696 initium
354 640 453 694 sumsit
474 653 493 692 a
515 637 632 708 femina,
658 639 699 693 ita
714 639 853 694 medisina
871 639 979 710 peceati
997 645 1026 694 et
1041 639 1127 693 musa

216 732 328 780 nostrae
346 723 507 778 salvationis
526 729 658 778 nasoatur
683 725 718 780 de
739 724 859 794 femina3
883 741 917 780 ae
938 743 976 781 no
997 724 1127 780 mulieres

213 811 366 881 desperent
392 826 422 863 se
454 808 593 879 pertinere
619 809 656 864 ad
679 815 781 865 sortem
807 810 966 879 beatomm,
995 811 1127 884 quoniam

165 890 173 939 ἷ
184 893 188 902 ’
216 896 254 952 ‘sle
271 896 375 952 femina
400 900 509 949 tantum
532 895 636 949 malum
660 894 809 966 prooessit,
831 903 954 967 oportet,
978 902 1011 950 nt
1031 896 1068 950 nd
1085 911 1127 950 re·

213 981 392 1037 'formandam
416 997 493 1052 spem
520 996 614 1036 earum
632 981 667 1036 de
684 981 799 1036 muliere
815 986 926 1036 tanturn
943 982 1048 1038 bonnm
1065 987 1127 1053 pro—

168 1071 201 1122 19
213 1067 310 1122 eadat.
345 1067 437 1138 Pinge
461 1071 491 1122 et
516 1064 578 1120 hoo.
621 1066 652 1122 si
677 1066 756 1138 virgo
781 1073 842 1122 erat
866 1083 938 1139 queo
961 1083 1048 1123 eausa
1073 1066 1129 1121 fuit
1228 1125 1235 1136 ¹

218 1152 338 1208 humano
356 1151 452 1224 generi
470 1151 555 1207 totins
575 1151 655 1221 mali,
666 1153 762 1206 'multo
779 1153 869 1224 magis
888 1153 980 1223 decet,
999 1158 1032 1208 ut
1047 1151 1127 1226 virgo

219 1238 256 1293 sit
286 1253 359 1310 qnae
391 1253 477 1292 eausa
502 1237 555 1293 erit
579 1237 665 1293 totins
693 1237 767 1293 boni.
801 1238 865 1292 Hes
893 1255 1004 1310 quoque
1033 1238 1127 1310 pinge.

163 1317 175 1365 Γ
217 1321 249 1380 'Si
269 1323 385 1393 mulier,
415 1339 498 1394 quam
520 1321 588 1377 iecit
604 1322 683 1377 Dens
701 1323 736 1378 de
754 1322 814 1376 viro
831 1323 891 1378 sina
909 1323 1028 1394 femina,
1050 1323 1127 1378 faeta

217 1414 262 1464 est
280 1409 317 1465 de
340 1409 460 1479 virgine,
484 1406 616 1461 eonvenit
640 1407 736 1476 valde,
759 1413 792 1461 nt
806 1407 850 1461 vir
867 1420 989 1480 qnoque,
1013 1409 1061 1482 qui
1077 1407 1127 1462 fiet

167 1494 202 1546 20
215 1495 254 1549 'de
276 1493 395 1562 femina,
418 1493 479 1547 sine
503 1492 564 1546 viro
590 1491 641 1548 fiat
664 1493 699 1546 de
716 1491 839 1564 Virgine.
874 1494 930 1550 Sed
954 1495 989 1549 de
1009 1491 1127 1564 pisturis

215 1595 291 1650 quae
310 1585 428 1650 possunt
445 1575 525 1648 pingi
542 1593 626 1648 super
641 1576 703 1647 hoo,
727 1577 794 1650 quia
811 1578 890 1634 Dens
908 1580 991 1635 homo
1011 1579 1046 1635 de
1062 1578 1127 1636 Vin

163 1663 188 1704 =‘'
214 1663 284 1734 gius
311 1662 428 1718 muliere
458 1661 537 1718 nasei
564 1661 663 1733 debet,
694 1663 749 1720 ista
773 1681 848 1721 nnno
875 1665 1019 1720 sufficiant
1054 1665 1126 1721 Bos.

165 1748 188 1760 ''
213 1749 309 1806 'Valde
327 1748 461 1819 pulchrae
479 1755 507 1805 et
524 1749 703 1805 rationabiles
721 1756 786 1806 sunt
802 1750 873 1806 istae
888 1750 1022 1821 picturae.

186 1935 216 1987 l'
291 1901 335 1990 ⁰·
387 1939 456 1992 Arra.
474 1937 939 2010 Nunequoquequaerendumest,
953 1938 983 1994 in
997 1953 1126 2010 quapor-

213 2020 288 2075 'sona
311 2021 402 2091 Deus,
424 2019 479 2094 'qui
505 2030 547 2078 est
575 2029 632 2078 tres
656 2040 805 2093 personae,
832 2024 972 2078 hominem
998 2027 1127 2078 assumat

166 2164 188 2175 Ι,
217 2104 317 2159 Plures
344 2107 417 2161 enim
442 2123 578 2176 personae
601 2115 744 2178 nequeunt
771 2123 858 2163 unum
885 2097 1061 2178 eundemque
1079 2106 1127 2162 ho-

163 2185 170 2206 '
218 2190 320 2246 minem
341 2207 481 2246 assumere
503 2191 533 2246 in
556 2193 696 2248 unitatem
721 2211 863 2264 personae.
898 2194 990 2259 Quare
1015 2195 1046 2248 in
1065 2189 1129 2249 'nna

184 2279 336 2348 lpersona
362 2282 472 2332 tanturn
493 2277 545 2333 hoo
568 2277 629 2334 fieri
652 2295 765 2335 neeesse
784 2287 833 2336 est.
869 2281 925 2336 Sed
943 2279 977 2336 de
995 2280 1048 2335 hao
1066 2268 1128 2334 uni-

214 2361 278 2419 'tate'
303 2377 438 2435 personae
462 2362 516 2418 Dei
541 2369 570 2420 et
595 2365 713 2420 hominis
741 2371 770 2422 et
795 2366 825 2420 in
851 2382 907 2438 qua
931 2381 1050 2436 persona
1072 2363 1128 2419 Dei

85 2513 88 2522 1
164 2511 187 2525 Γ,
213 2450 270 2506 hoo
300 2449 390 2522 magis
421 2449 482 2505 fieri
509 2454 648 2520 oporteat,
684 2451 714 2505 in
737 2451 854 2523 epistola
876 2451 911 2506 de
936 2441 1126 2506 incarnatione

163 2536 168 2555 ²
212 2533 306 2592 ‘Verbi
331 2535 369 2590 ad
394 2533 545 2590 Dominum
570 2534 678 2604 Papam
699 2536 847 2593 Urbanum
864 2535 1017 2607 direota‚¹)
1040 2551 1126 2608 quan·

217 2627 278 2676 turn
296 2621 333 2676 ad
350 2621 524 2693 praesentem
541 2619 784 2692 investigationem
802 2620 930 2678 sufficere
947 2626 1031 2693 puto,
1050 2621 1125 2676 loen-

185 2707 264 2760 3'tns
284 2725 353 2762 sum.
388 2708 457 2762 Bos.
496 2705 623 2762 Breviter
647 2712 740 2762 tamen
761 2706 807 2762 hio
831 2713 932 2778 tange,
961 2725 1011 2762 our
1034 2701 1127 2778 potius

163 2853 169 2864 ,
214 2799 338 2862 'persona
356 2791 423 2848 lilii
451 2791 552 2848 debeat
575 2791 713 2868 incarnari
730 2806 813 2863 quam
832 2793 924 2848 Patris
941 2797 991 2847 aut
1006 2789 1127 2862 Spiritus

162 3027 187 3064 .’
290 3015 316 3082 t)
338 3011 500 3077 inchoatam
522 3013 595 3069 hano
613 3028 639 3068 a.
659 3015 725 3072 ¹092
745 3011 901 3084 Epistolem
922 3029 956 3068 ae
972 3029 1022 3084 por
1038 3016 1127 3092 aesta·

216 3089 276 3142 rem
299 3083 440 3153 sequentis
463 3082 529 3138 anni
554 3082 711 3137 absolutam
733 3080 761 3138 S.
779 3082 907 3138 Anselmi
924 3080 1047 3152 Operum
1070 3079 1127 3135 edr-

212 3151 287 3209 'tioni
305 3149 449 3207 Maurinae
467 3151 581 3206 Parisiis
607 3156 669 3206 1721
695 3166 725 3204 re
746 3151 830 3206 etitae
853 3150 977 3206 invenies
995 3149 1128 3205 insertam

218 3223 267 3281 fol.
286 3227 317 3278 41
339 3237 380 3293 sq.
398 3239 421 3275 s.
439 3220 466 3274 lr.
485 3224 522 3275 t:
552 3220 637 3273 Liber
661 3222 697 3274 do
742 3219 952 3292 devTrr'm'tatis
976 3227 1002 3273 et
1026 3220 1062 3272 de
1084 3217 1127 3270 s'a·

219 3291 385 3346 aarmtiooa
409 3289 493 3344 Verba·
504 3347 506 3352 ,
518 3296 617 3342 eontra
640 3289 829 3358 blasphemias
847 3286 979 3342 Raaols'os‘
995 3285 1052 3342 siat
1070 3287 1128 3341 llo·

217 3361 324 3416 aediti.
743 3389 748 3399 ι
786 3389 790 3398 =
