2640 3816
219 295 262 362 46
399 292 427 348 S.
446 290 618 348 ANSELMI
635 286 942 348 cANTUAROENsxs

218 464 289 534 Deo,
316 462 454 536 quidquid
480 461 515 518 de
541 459 664 516 humens
687 465 789 516 notura
811 459 906 516 fusae
923 457 1130 530 proposuerat?

184 551 288 606 (Bos.
322 547 387 606 Non
411 554 505 620 potest
529 547 636 620 negari.
671 547 739 601 Aue.
773 545 893 602 Intende
916 545 946 600 in
974 543 1131 600 districtam

218 633 368 705 iustitiam
397 640 426 689 et
450 633 546 690 iudice
567 632 720 688 seeundum
745 631 835 701 illem,
860 635 955 692 utrum
971 629 1009 684 ed
1026 645 1130 700 eoque·

218 721 327 776 litatem
350 718 460 790 peceati
470 720 491 790 ¹)
516 719 598 776 homo
625 717 781 773 satisfaciat
803 717 879 786 Deo,
907 715 962 770 nisi
979 714 1010 769 id
1027 715 1130 786 ipsum,

219 805 296 878 quod
313 803 501 876 permittendo
522 820 552 858 se
574 802 649 857 vinei
670 803 817 862 ediebolo
836 803 898 859 Deo
915 800 1048 870 abstulit,
1070 799 1130 855 din.
1230 823 1233 826 -

218 891 316 948 bolum
341 889 479 945 vincendo
503 888 647 956 restituet,
682 893 715 942 ut
743 888 977 961 quemadmodum
1002 903 1053 958 per
1075 886 1132 942 hoo

220 975 297 1047 quod
315 974 405 1030 vietus
425 979 468 1029 est
483 973 578 1044 rapuit
596 971 724 1027 diabolus
744 973 820 1042 quod
836 971 891 1029 Dei
909 979 982 1042 eret,
1005 979 1034 1030 et
1051 971 1131 1028 Deus

219 1059 358 1132 perdidit,
386 1060 426 1115 ite
447 1076 500 1132 per
516 1058 569 1113 hoo
598 1055 674 1131 quod
700 1056 795 1112 vincet
819 1058 921 1130 perdet
937 1058 1079 1127 diabolus,
1103 1075 1135 1114 et

220 1146 300 1200 Deus
319 1153 471 1217 recuperet.
502 1148 572 1200 Bos.
589 1143 633 1200 Ne
672 1141 823 1198 districtius
840 1161 893 1200 nee
911 1143 1011 1202 iustius
1024 1144 1133 1217 aliquid

188 1237 315 1303 5potest
334 1231 462 1304 eogitari.
496 1233 566 1286 Am.
600 1229 725 1284 Putasne
746 1247 883 1284 summam
908 1229 1043 1286 iustitiam
1060 1231 1133 1286 huno

221 1317 355 1374 iustitiam
385 1335 467 1388 posse
503 1315 627 1372 violare?
680 1316 750 1370 Bos.
785 1313 850 1372 Non
881 1316 972 1372 audeo
999 1315 1133 1388 cogitare.

188 1407 293 1460 trite
324 1404 491 1461 Nullstenus
510 1419 576 1473 ergo
602 1400 688 1456 debet
711 1408 761 1456 eut
786 1407 880 1472 potest
903 1401 1031 1472 eooipere
1051 1402 1133 1458 homo

122 1529 125 1536 -
223 1507 242 1546 a
264 1489 326 1544 Deo
354 1489 429 1560 quod
456 1487 534 1544 Deus
561 1487 604 1542 illi
629 1487 696 1542 dere
721 1487 883 1557 proposuit,
909 1487 934 1542 si
958 1504 1016 1543 non
1040 1487 1134 1543 reddit

222 1575 285 1631 Deo
308 1580 398 1631 totum
421 1574 498 1646 quod
521 1573 563 1628 illi
586 1572 715 1643 obstulit3
740 1576 774 1626 ut
799 1572 872 1628 siout
889 1572 1037 1644 perillum
1053 1573 1133 1629 Deus

190 1660 361 1733 iperdidit,
396 1659 437 1716 ite
465 1676 516 1731 per
546 1659 626 1714 illum
655 1658 733 1714 Deus
761 1662 914 1729 recuperet.
966 1658 1048 1723 Quod
1076 1668 1134 1714 n‘on

223 1748 305 1804 aliter
322 1746 382 1802 fieri
397 1746 485 1817 velet,
512 1745 567 1801 nisi
585 1750 618 1800 ut
636 1745 869 1816 quemadmodum
884 1759 936 1814 per
952 1743 1058 1800 vietum
1074 1749 1135 1800 tote

223 1833 347 1890 humens
372 1837 473 1892 ustura
501 1835 634 1902 corrupto
659 1836 688 1887 et
713 1829 793 1901 quasi
820 1829 987 1886 fermentate
1004 1837 1047 1886 est
1069 1845 1134 1901 peo-

224 1926 304 1989 rato,
330 1936 395 1974 eum
420 1935 476 1990 quo
501 1917 611 1973 nullum
634 1915 715 1971 Deus
741 1914 857 1970 assumit
880 1915 918 1970 ed
937 1913 1136 1986 perficiendum

224 2005 303 2060 iilum
326 2004 468 2060 civitatem
489 2004 653 2072 eoelestem3
678 2000 720 2055 ite
741 2017 793 2070 per
809 2000 966 2056 vincentem
985 1999 1136 2056 iustifioen·
1219 2021 1222 2030 ·

224 2096 271 2144 tur
288 2106 306 2144 a
322 2095 438 2159 peceato
463 2094 506 2144 tot
530 2087 670 2155 homines,
696 2090 765 2156 quot
794 2085 873 2141 illum
895 2103 1041 2144 numerum
1062 2103 1135 2144 oom-

225 2174 329 2244 pleturi
356 2177 448 2242 orent,
474 2172 513 2226 od
539 2189 622 2244 quem
645 2171 842 2241 oomplendum
862 2171 954 2228 foetus
980 2179 1023 2229 est
1044 2171 1135 2226 homo.

226 2257 284 2316 Sed
299 2259 352 2315 hoo
379 2257 474 2316 tmere
499 2257 659 2313 nullatenus
680 2263 774 2328 potest
796 2257 879 2315 homo
902 2263 1048 2329 peeoetor,
1070 2257 1137 2329 quis

194 2349 358 2418 Bpeooetor
385 2350 560 2415 prosatorem
585 2342 738 2400 iustificare
760 2344 866 2416 nequit
905 2347 974 2400 Bos.
1005 2343 1043 2400 Et
1068 2341 1138 2398 nihil

227 2431 327 2488 iustius
345 2436 375 2487 et
390 2427 460 2484 nihil
477 2429 694 2501 impossibilium
720 2429 772 2483 sed
796 2445 830 2484 ex
853 2427 897 2483 his
915 2429 1044 2485 omnibus
1062 2427 1137 2483 vide·

227 2523 274 2574 tur
297 2514 486 2574 misericordis
508 2513 564 2569 Dei
588 2517 617 2568 et
642 2529 706 2583 spes
729 2513 847 2570 hominis
869 2514 975 2586 perire,
1002 2517 1138 2586 quantum

227 2603 266 2658 ud
292 2601 497 2660 beatitudinem
529 2603 651 2670 spectet,
683 2598 721 2652 ed
752 2616 837 2670 quem
861 2600 954 2656 fectus
980 2605 1024 2656 est
1046 2599 1138 2654 homo.

228 2689 298 2744 Ans.
315 2688 457 2760 Exspecto
477 2685 569 2742 adhue
585 2701 693 2756 perum.
719 2688 788 2740 Bos.
807 2683 883 2751 Quid
899 2686 985 2743 hebes
997 2683 1138 2758 emplius?

197 2849 210 2904 1
307 2823 378 2910 24.
428 2857 500 2912 Am.
538 2854 568 2910 si
586 2853 668 2910 nomo
689 2853 793 2911 eruum
807 2855 941 2927 inustus,
967 2856 1016 2928 qu
1033 2855 1139 2912 nomm

231 2955 288 2994 non
310 2939 404 2996 reddit
427 2941 503 3013 quod
527 2939 622 3011 debet,
647 2939 735 2995 multo
758 2941 848 3014 magis
873 2943 993 2998 iniustus
1011 2948 1065 3013 est,
1089 2940 1139 3013 qui

196 3023 293 3082 2Deo
315 3024 396 3096 ·quod
424 3025 510 3084 debet
533 3043 590 3082 non
615 3025 714 3082 reddit
748 3029 818 3084 Bor.
853 3027 884 3085 si
910 3032 1003 3100 potest
1021 3032 1057 3093 et
1072 3027 1138 3098 [non

304 3215 330 3283 1)
348 3211 407 3270 cd.
420 3227 444 3268 o.
462 3218 505 3282 20,
527 3219 554 3270 1:
573 3214 743 3283 „seeundum
760 3231 918 3268 monem-am
929 3215 1044 3283 peceati
1059 3229 1139 3287 opor·

231 3287 274 3338 tet
286 3282 354 3338 setis
365 3281 514 3338 factionem
526 3285 611 3338 esse.“
622 3299 646 3338 o.
657 3289 700 3354 21,
712 3288 758 3339 13:
776 3281 945 3353 „seeundum
956 3285 1140 3354 quantitatem

231 3351 319 3426 exigit
336 3351 414 3409 Deus
431 3349 674 3410 srdsfeefionem“
