2640 3816
166 304 188 348 Χ
431 301 651 358 PRAEFATIO
670 301 857 360 EDITORIS.

168 481 169 487 ’
231 476 302 540 Iam
323 495 399 541 vero
421 473 462 540 de
491 486 624 560 tempore
651 472 819 558 compositi
841 479 873 538 et
895 471 973 538 editi
995 471 1127 540 huiusce

168 561 274 646 operis
304 559 365 626 erit
393 556 561 642 agendum.
615 556 810 624 Monasterio
836 557 990 624 Becoensi
1016 557 1127 624 relicto

169 646 200 712 S.
222 645 394 712 Anselmus
419 650 631 728 posteaquam
651 663 680 707 a.
705 641 835 708 1093111
852 643 1004 727 Angliam
1025 649 1127 721 trans·

166 730 335 814 migravit,
367 736 520 813 quantum
555 726 715 794 scribendi
745 728 845 793 otium
876 729 952 814 ipsi·
971 728 1129 813 superbiit

167 824 243 880 ante
265 814 372 882 omnia
400 834 438 879 eo
460 833 532 880 esse
561 813 786 880 conferendum
804 813 976 880 arbitratus
1002 820 1064 899 est,
1092 822 1129 880 ut

166 900 256 966 litem
294 919 353 984 per
383 898 586 964 Roscelinum
621 897 809 964 canonicum
841 898 1129 984 Compendiensem

167 985 404 1050 nominalistam
448 983 646 1066 eundemque
689 982 883 1049 tritheistam
920 985 954 1048 in
989 983 1130 1051 eeclesia

168 1070 340 1136 Gallicana
362 1069 554 1134 concitatam
584 1075 680 1152 atque
702 1068 735 1132 in
757 1068 880 1153 synodo
903 1068 1129 1136 Suessionensi

166 1177 232 1221 non
267 1154 413 1220 sedatam
446 1153 509 1219 nisi
541 1173 600 1238 per
629 1153 771 1238 speciem
801 1173 932 1251 prorsus
966 1153 1129 1220 dirimeret

168 1239 332 1306 doctrinae
358 1239 457 1304 armis
488 1238 626 1303 adiutus.
680 1239 764 1303 Hinc
793 1238 874 1303 lrbro
908 1237 1039 1322 egregio
1068 1240 1128 1324 „de

83 1373 84 1376 ,
167 1325 232 1390 fide
253 1322 424 1390 trinitatis“
444 1323 540 1389 Becci
564 1323 711 1388 inchoato
741 1323 775 1387 in
794 1323 962 1388 Britannia
988 1323 1127 1390 novitius

167 1417 342 1476 extremam
369 1423 499 1473 manum
524 1408 677 1493 imposuit
701 1427 803 1490 eoque
834 1406 1012 1475 adversarii
1034 1408 1127 1475 istius

167 1493 366 1579 sophismata
393 1493 568 1559 confutavit
596 1492 825 1577 sagacissimus
846 1491 1006 1576 dogmatis
1028 1495 1128 1560 eccle·

168 1578 290 1645 siastici
327 1585 555 1694 propugnator.
613 1576 683 1654 Quo
722 1576 808 1644 facto
839 1585 1012 1644 tractatum
1043 1579 1129 1665 „Our

167 1665 257 1730 Deus
286 1662 410 1729 Homo‘
442 1681 632 1748 aggressus,
673 1661 738 1727 iam
770 1682 829 1747 per
862 1669 1019 1729 aestatem
1052 1665 1129 1730 anni

169 1749 252 1816 1094
273 1749 342 1816 eius
364 1748 480 1813 librum
501 1749 638 1834 primum
660 1769 681 1812 a
702 1749 816 1813 Fratre
836 1748 967 1814 Ermero
979 1746 1005 1835 1)
1026 1755 1128 1816 trans·
1228 1758 1231 1762 “
1309 1796 1310 1808 ,

167 1834 321 1920 scriptum
333 1833 375 1899 ad
390 1834 560 1900 ecclesiam
569 1834 765 1899 Beccensem
775 1832 900 1898 direxit.
923 1835 991 1900 Nec
1005 1827 1129 1920 mirum,

167 1920 197 1984 si
215 1919 296 1984 haec
317 1919 476 2003 particula
500 1917 606 2003 operis
628 1917 682 1982 diu
704 1918 883 2001 exspectati
904 1918 1129 1995 aevehemen-

167 2009 217 2068 ter
251 2003 425 2069 desiderati
481 2009 610 2067 auctore
647 2002 748 2067 inscio
792 2007 825 2066 et
860 2001 977 2087 invito,
1020 2004 1129 2070 multis

168 2088 326 2172 exemplis
348 2054 442 2153 brevi
459 2093 602 2171 tempore
625 2087 720 2170 longe
740 2087 869 2168 lateque
887 2085 1128 2154 circumfereba-

167 2180 227 2237 tur.
271 2171 390 2238 Secuta
413 2171 487 2237 dein
508 2177 582 2236 sunt
603 2171 728 2256 proelia
753 2171 787 2236 in
808 2171 952 2238 favorem
971 2171 1128 2239 libertatis

168 2407 219 2457 est.
255 2401 340 2456 Cuius
358 2399 530 2455 conversioni
549 2399 632 2454 simul
654 2406 682 2454 et
700 2398 903 2454 conversationi
920 2400 1047 2458 diabolus
1066 2418 1128 2474 gra·

168 2471 239 2544 viter
251 2470 385 2538 invidens,
403 2469 433 2523 in
446 2476 553 2523 tantam
565 2468 644 2523 illum
656 2469 817 2524 tentationis
828 2470 978 2538 procellam
992 2471 1129 2540 demersit,

168 2546 200 2593 ut
226 2539 438 2596 succedentibus
466 2537 519 2592 sibi
546 2538 630 2592 variis
660 2555 693 2594 co
716 2537 861 2592 ’tationum
891 2539 1055 2595 tumultibus
1084 2541 1130 2594 rix

168 2609 267 2664 mentis
291 2625 357 2664 suae
382 2625 493 2677 compos
518 2607 655 2662 existeret.
730 2606 873 2661 ansierrmt
896 2607 926 2661 in
942 2608 996 2664 hoc
1016 2609 1130 2680 quidam

169 2677 229 2732 dies
248 2685 276 2732 et
293 2677 386 2747 seipsa
405 2693 513 2746 semper
530 2675 616 2730 fiebat
632 2675 777 2730 immanior
789 2676 906 2732 tentatio
922 2679 1025 2734 eadem.
1057 2678 1127 2733 Tur·

168 2745 251 2801 batus
273 2764 302 2802 er
323 2763 339 2800 0
358 2753 386 2802 et
406 2753 498 2802 mente
516 2745 652 2802 confusus.
661 2745 824 2800 Anselmum
841 2746 910 2800 adiit
927 2747 1067 2819 animique
1087 2748 1130 2803 sui

131 2839 137 2844 ·
168 2815 270 2869 fluctus
293 2816 303 2868 i
327 2815 333 2826 '
359 2815 493 2884 exposuit.
563 2821 575 2870 t
602 2813 663 2885 ipse
691 2832 777 2885 quum
804 2813 917 2937 sinssrla
941 2815 1129 2886 intellexisset,

167 2883 220 2938 hoe
238 2882 327 2938 solum
343 2883 390 2953 pio
408 2883 527 2953 affectu,
550 2883 609 2938 scil.
628 2883 773 2952 „consulat
788 2882 841 2937 tibi
881 2885 955 2953 eus,“
974 2885 1000 2939 ei
1018 2901 1130 2955 respon·

169 2952 211 3008 dit
230 2952 362 3024 illicoque
382 2951 509 3007 Fratrem
532 2969 550 3006 a
575 2969 605 3008 se
631 2952 744 3007 dimisit
779 2951 921 3024 Evestigio
941 2960 1034 3008 autem
1052 2959 1130 3008 tenta

168 3021 355 3092 tranquillitas
375 3021 474 3075 mentis
492 3017 571 3075 illum
590 3026 687 3076 secuta
704 3027 758 3089 est,
787 3027 819 3076 ut
837 3021 910 3076 sieut
929 3021 1046 3090 ipsemet
1063 3021 1131 3076 mihi

167 3091 321 3158 referebat,
339 3090 414 3144 ultre
450 3107 514 3144 uam
531 3090 609 3144 dictu
628 3089 761 3146 credibile
780 3087 831 3158 sit,
854 3089 946 3145 subito
965 3091 1036 3144 alius
1053 3090 1131 3145 fieret

167 3160 257 3215 abeo
280 3159 328 3230 qui
345 3159 406 3213 fuit.
431 3107 540 3228 (itaque
565 3159 652 3213 omnis
674 3157 724 3213 illa
746 3159 864 3213 tentatie
888 3157 998 3229 penitus
1018 3159 1132 3214 evanuit

167 3246 220 3284 nec
236 3229 386 3301 quiequam
402 3226 562 3282 huiusmodi
579 3227 610 3282 in
627 3245 656 3283 se
675 3227 790 3282 ulterius
810 3226 904 3282 sensit.

239 3315 266 3386 1)
285 3314 374 3380 Quem
391 3317 488 3368 auctor
506 3313 582 3380 Epp.
595 3317 619 3376 3,
632 3318 665 3368 25
683 3313 743 3378 (cir.
759 3319 781 3379 1,
795 3315 838 3377 tr)
858 3310 1030 3368 carissimum
1042 3311 1131 3368 lilium

168 3401 250 3443 suum
267 3389 296 3440 et
312 3382 445 3440 baculum
465 3381 617 3438 senectutis
637 3391 705 3436 suae
723 3381 855 3452 appellet.
