2640 3816
373 315 451 374 oue
468 316 569 375 uuus
588 315 707 373 nono.
742 318 765 373 1.
785 322 896 373 21—23.
1049 317 1093 386 45

187 487 382 557 consolaretur,
399 487 452 543 hoc
464 487 552 543 solum
567 491 680 558 cogeret
690 503 735 542 me
747 487 901 560 desperare.
930 488 999 542 Aea
1016 487 1094 543 Audi

186 579 287 630 tamen.
322 575 391 628 Bor.
408 573 471 628 Dic.
505 575 575 628 Aac.
593 571 687 628 Homo
703 574 733 632 in
752 573 883 644 paradiso
902 572 961 628 sine
978 580 1093 645 peccato
1111 577 1127 628 2

185 657 277 714 fecttrs
300 661 380 731 quasi
402 660 509 730 positam
536 665 578 714 est
596 676 648 730 pro
664 660 726 715 Deo
751 659 824 714 inter
841 659 933 714 Deum
952 665 981 713 et
999 659 1094 714 diabo-

186 744 257 815 lum,
284 749 318 799 ut
344 745 468 800 vinceret
496 745 639 801 diabolum
663 761 719 799 non
744 744 941 800 consentiendo
965 743 1095 800 suadenti

184 836 346 902 peccatum,
370 832 408 887 ad
432 831 637 886 excusationem
659 834 687 885 ct
704 829 836 885 honorem
854 830 909 886 Dei
930 836 957 887 et
974 832 1011 886 ad
1029 846 1094 885 con-

185 913 322 972 fusionem
346 915 463 985 diaboli,
490 931 554 969 cum
579 915 626 972 ille
649 914 782 970 infirmior
806 916 836 969 in
860 921 934 970 terra
955 934 1011 971 non
1028 934 1094 988 pec-

186 1007 262 1057 caret
287 1001 384 1056 eodem
406 1001 519 1058 diabolo
547 1001 697 1068 suadente,
724 1001 773 1072 qui
795 1001 893 1056 fortior
915 1003 1042 1072 peccavit
1064 1003 1094 1058 in

185 1087 262 1142 coelo
286 1087 363 1143 nullo
390 1088 539 1157 suadente3
567 1093 595 1143 et
621 1104 686 1141 cum
711 1086 764 1142 hcc
786 1086 867 1141 homo
890 1085 973 1143 facile
999 1093 1095 1160 posset

185 1170 307 1241 efficere,
331 1172 410 1227 nulla
431 1174 460 1227 vi
485 1180 599 1228 coactus
623 1173 683 1228 sola
705 1171 833 1227 suasione
853 1178 951 1242 sponte
971 1191 1002 1228 se
1018 1175 1093 1229 vinci

183 1256 310 1327 permisit
333 1258 370 1312 ad
397 1257 569 1313 voluntatem
593 1258 697 1312 diaboli
714 1263 744 1312 et
762 1262 859 1313 contra
875 1258 1047 1314 voluntatem
1066 1264 1094 1314 et

183 1341 317 1398 honorem
332 1343 395 1399 Dei.
430 1348 498 1399 Boe.
523 1343 570 1398 Ad
587 1344 655 1416 quid
673 1345 716 1418 pis
735 1342 870 1399 tendere?
906 1346 976 1398 Aac.
994 1343 1126 1400 Iudica3

183 1429 312 1499 tuipse,
335 1430 359 1484 si
384 1447 441 1484 non
465 1435 507 1485 est
532 1437 629 1484 contra
647 1429 779 1486 honorem
801 1429 870 1499 Dei,
895 1436 929 1485 ut
951 1429 1033 1485 homo
1049 1449 1093 1486 re·

183 1513 347 1570 concilietur
378 1515 421 1570 illi
452 1531 516 1570 cum
546 1515 687 1570 calumnia
712 1516 794 1570 huius
822 1516 1006 1572 contumeliae
1029 1516 1093 1572 Deo

102 1623 104 1628 ·
184 1597 338 1670 irrogatae,
368 1600 423 1654 nisi
450 1601 528 1671 prius
557 1601 733 1656 honoraverit
757 1600 850 1655 Deum
871 1601 1008 1657 vincendo
1033 1603 1093 1658 dia-

184 1681 298 1753 bolum,
335 1685 409 1740 sicut
446 1686 621 1742 inhonoravit
662 1685 741 1740 illum
785 1685 875 1740 victrrs
916 1703 934 1740 a
974 1686 1118 1742 diabolo·

184 1767 311 1824 Victoria
335 1786 401 1824 vero
422 1772 488 1826 talis
511 1789 572 1828 esse
597 1771 697 1840 debet,
721 1776 754 1826 ut
776 1771 1127 1842 sicutfortisaopote-1l

184 1859 257 1909 state
282 1855 446 1911 immortalis
477 1856 618 1914 consensit
644 1854 728 1916 facile
757 1855 868 1911 diabolo
897 1861 929 1910 ut
953 1861 1091 1928 peccaret,

183 1939 258 1994 unde
277 1939 350 1996 iuste
375 1939 493 1995 incurrit
513 1958 633 2011 poenam
650 1941 840 2010 mortalitatis3
866 1942 907 1998 ita
922 1941 1048 1997 infirmus
1066 1949 1094 1999 ct

183 2025 321 2095 mortalis,
347 2025 458 2096 qualem
483 2044 514 2083 se
529 2026 598 2082 fecit
615 2027 690 2100 ipse,
715 2045 767 2100 per
783 2025 880 2082 mortis
900 2025 1093 2084 difficultatem

182 2111 277 2167 vincat
307 2111 449 2168 diabolum
476 2117 509 2166 ut
536 2113 613 2168 nullo
638 2113 721 2168 modo
745 2118 859 2184 peccct3
893 2111 969 2184 quod
1001 2111 1093 2168 facere

182 2211 240 2250 non
262 2202 369 2268 potest,
394 2197 528 2269 quamdiu
550 2216 584 2254 ex
607 2199 722 2254 vulnere
743 2198 826 2268 primi
842 2197 952 2267 peccati
970 2196 1092 2267 concipi-

182 2285 229 2334 tur
246 2286 274 2336 et
293 2281 417 2338 nascitur
440 2283 470 2338 in
487 2290 612 2354 peccato.
648 2286 716 2338 Bor.
751 2283 857 2340 Iterum
874 2283 952 2351 dico,
979 2283 1045 2354 quia
1064 2286 1125 2338 et5

181 2366 253 2421 ratio
271 2368 373 2437 probat
391 2368 467 2440 quod
486 2367 564 2437 dicis,
585 2373 615 2423 ct
629 2367 800 2440 impossibile
818 2374 867 2424 est.

259 2555 331 2643 23.
382 2589 453 2644 Ana.
481 2588 613 2661 Adhuc¹)
630 2590 728 2662 accipe
744 2606 844 2659 unum,
867 2589 927 2646 sine
947 2606 1002 2661 quo
1019 2589 1091 2646 iuste
1111 2595 1123 2647 l

181 2689 239 2730 non
272 2672 468 2730 reconciliatur
501 2673 596 2746 homo,
630 2693 682 2732 nec
715 2676 806 2732 mirrus
841 2672 1012 2746 impossibile
1042 2681 1090 2732 cet

181 2759 250 2813 Bor.
285 2759 342 2814 Tot
359 2758 416 2814 iam
436 2760 605 2832 proposuisti
629 2760 709 2816 nobis
733 2776 806 2832 quac
832 2758 923 2814 facere
950 2759 1090 2829 debemus,

181 2849 214 2900 ut
239 2843 377 2918 quidquid
400 2847 586 2918 superaddas,
613 2862 671 2900 non
695 2861 740 2900 me
761 2843 851 2917 magis
870 2851 974 2900 terrere
993 2845 1089 2916 possit,

180 2930 252 2986 Aac.
289 2931 367 2986 Audi
394 2936 497 2986 tamen.
531 2933 602 2988 Boe.
636 2931 737 2986 Audio.
772 2931 842 2984 Aac.
877 2929 952 2996 Quid
974 2929 1124 2985 abstulita

180 3015 264 3072 homo
279 3017 350 3088 Deo,
370 3033 434 3072 cum
451 3016 526 3072 vinci
543 3033 574 3072 se
590 3015 716 3088 permisit
732 3031 751 3072 a
767 3014 899 3073 diaholo?
934 3016 1004 3072 Bor.
1033 3014 1119 3083 Dios

181 3107 214 3158 tu
230 3110 263 3159 ut
278 3102 420 3175 incepisti,
446 3100 513 3173 quia
534 3116 588 3172 ego
604 3101 711 3172 nescio,
736 3102 805 3173 quid
826 3119 910 3174 super
927 3101 996 3156 haec
1014 3099 1090 3154 mala

181 3203 255 3260 quae
281 3186 427 3245 ostendisti
454 3187 547 3260 potuit
577 3187 689 3244 addere.
742 3189 812 3244 Aac.
846 3187 947 3247 Nonne
974 3183 1124 3254 abstulitt

253 3378 279 3445 1)
297 3377 333 3432 In
349 3375 433 3435 Mser.
449 3377 496 3435 hic
512 3339 611 3450 incipit
628 3391 650 3432 c.
671 3380 713 3435 23.
