2640 3816
221 312 266 378 44
405 309 434 367 S.
455 307 625 366 ANSELMI
644 303 951 364 CANTUARIENSIS

222 486 320 536 contra
342 479 514 535 voluntatem
535 477 603 547 Dei,
633 475 826 548 gravisumum
850 474 983 546 quiddam
1007 479 1035 528 ct
1058 472 1132 528 nulli

223 567 325 626 damno
354 564 541 637 comparabile
570 563 711 634 intellig03
748 561 799 616 eed
828 562 948 617 solemus
977 560 1131 632 aliqnando

222 652 315 708 facere
340 657 439 706 centra
460 646 630 703 voluntatem
653 646 771 702 alicuine
794 664 851 703 non
867 646 1131 719 reprehensibiliter,

214 745 255 792 vut
276 754 320 792 res
343 736 403 790 eius
426 739 584 803 serventur,
613 733 689 805 quod
712 738 812 804 postea
834 732 876 786 illi
898 733 1006 803 placet,
1033 738 1133 788 eontm

190 823 315 885 sienim
332 822 503 876 voluntatem
531 817 656 877 fecime.
691 820 761 874 Aac.
796 817 860 874 Hoc
882 817 914 872 fit
938 817 1056 888 homini,
1082 817 1133 889 qui

223 905 375 978 aliquande
394 921 449 959 non
468 903 601 976 intelligit
617 904 685 976 quid
703 905 739 960 sit
756 904 810 960 sibi
828 904 905 973 utile,
928 909 978 960 aut
997 921 1054 959 non
1068 908 1130 974 pot·

224 999 269 1048 est
292 996 449 1045 restaurare
475 990 551 1060 quod
575 989 709 1061 perdidit3
735 991 785 1046 sed
808 989 886 1046 Deus
912 990 990 1045 nulle
1013 989 1132 1060 indiget,

224 1083 253 1132 et
275 1075 368 1131 omnia
392 1075 416 1130 si
443 1075 579 1146 perirent,
605 1081 700 1146 posset
725 1075 798 1130 sicut
823 1093 856 1132 ea
881 1074 948 1130 feeit
973 1074 1131 1132 restituere.

190 1165 206 1216 9
224 1164 293 1216 Boe.
328 1160 422 1216 Fateri
439 1178 484 1216 me
502 1178 615 1218 necesse
631 1168 687 1230 eet,
711 1162 779 1234 quia
794 1179 845 1234 pro
864 1159 1054 1217 conservanda
1071 1163 1132 1214 teta

223 1254 352 1304 creatura
376 1245 445 1302 nihil
473 1248 603 1303 deberem
629 1248 721 1303 facere
749 1253 846 1303 contra
870 1246 1042 1302 voluntatem
1067 1244 1132 1302 Dei.

175 1338 207 1389 10
224 1337 295 1391 Aac.
330 1332 404 1397 Quid
423 1331 447 1385 si
464 1331 558 1400 plures
578 1338 671 1386 essent
689 1333 786 1389 muudi
804 1332 881 1406 pleni
897 1332 1039 1401 creaturis,
1059 1331 1133 1386 sicut

224 1420 277 1474 lete
303 1418 363 1474 est?
398 1420 467 1472 Bor.
503 1415 532 1471 si
558 1414 666 1470 infinito
691 1433 805 1472 numero
832 1416 1083 1488 multiplicarentur
1103 1422 1135 1470 et

225 1503 352 1559 similiter
393 1500 461 1556 mihi
503 1500 727 1570 ostenderentur,
765 1502 888 1573 idipsum
929 1502 1134 1572 responderem.

177 1594 206 1646 11
225 1590 295 1644 Ana.
330 1587 410 1645 Nihil
427 1585 530 1641 rectius
554 1589 649 1655 potes3
673 1587 723 1642 sed
745 1579 890 1642 considera
907 1589 1004 1658 etiam,
1027 1587 1051 1642 si
1068 1603 1133 1643 con·

224 1675 359 1746 tingeret,
384 1676 416 1728 ut
440 1677 538 1728 contra
557 1672 729 1728 voluntatem
747 1672 801 1728 Dei
825 1672 904 1729 illum
928 1678 1073 1744 aspectum
1090 1671 1134 1726 fa-

226 1777 318 1830 ceree3
336 1758 405 1831 quid
421 1773 518 1829 posses
535 1774 587 1828 pro
604 1758 658 1814 hoc
674 1765 790 1829 peccato
808 1757 936 1815 solvere?
970 1759 1046 1814 Boe
1069 1757 1135 1816 Non

176 1849 207 1901 12
225 1846 315 1902 hebeo
338 1844 445 1917 aliquid
469 1842 558 1898 maius
583 1860 667 1914 quam
685 1844 760 1915 quod
777 1861 863 1916 supra
880 1844 945 1900 dixi.
980 1845 1051 1908 Aac.
1087 1842 1135 1900 Sic

225 1930 347 2002 graviter
364 1946 520 2001 peccamus,
539 1929 758 2000 quotiescunque
777 1930 897 1985 scienter
912 1929 1020 2002 aliquid
1039 1946 1135 2001 quam-

225 2015 296 2070 libet
317 2031 434 2085 pawum
457 2020 555 2068 eontra
574 2015 746 2070 voluntatem
764 2014 820 2069 Dei
844 2014 976 2086 facimus;
1003 2015 1135 2087 quoniam

226 2117 336 2169 semper
365 2115 460 2152 sumus
486 2099 515 2152 in
539 2105 692 2170 conspectu
708 2098 782 2163 eius,
806 2105 835 2154 et
852 2117 960 2172 semper
975 2101 1036 2173 ipse
1054 2116 1135 2172 pree·

177 2190 209 2242 13
227 2184 296 2254 cipit
312 2183 446 2239 nobisne
462 2200 617 2255 peccemus.
652 2186 722 2239 Boe.
757 2185 799 2242 Ut
817 2186 908 2256 audio,
926 2186 1008 2242 nimis
1025 2187 1134 2258 pericn-

226 2271 284 2326 lose
301 2267 428 2324 vivimus.
464 2270 533 2327 Am.
568 2269 664 2340 Petet,
691 2271 758 2342 quia
779 2271 933 2326 secundum
948 2272 1135 2344 quantitatem

226 2356 315 2428 exigit
335 2354 413 2410 Deua
438 2354 662 2414 satisfactionem.
698 2360 767 2412 Bor.
802 2358 866 2415 Non
890 2374 1003 2429 possum
1023 2373 1135 2429 negare.

178 2446 210 2497 14
226 2431 297 2498 due.
331 2441 396 2497 Non
419 2457 487 2512 ergo
507 2440 658 2512 satisfacis,
681 2442 705 2496 si
723 2460 779 2498 non
797 2442 891 2498 reddis
912 2443 1020 2514 aliquid
1037 2442 1135 2511 maius,

227 2544 312 2599 quam
338 2526 376 2581 sit
400 2525 430 2580 id
456 2543 507 2598 pro
534 2544 589 2599 quo
614 2533 761 2598 peccatum
785 2528 878 2584 facere
906 2545 963 2584 nou
990 2529 1136 2585 debueras.

227 2615 295 2668 Boe.
331 2612 369 2666 Et
397 2612 533 2668 rationem
560 2613 642 2668 rideo
672 2612 713 2667 sic
742 2612 852 2684 exigere
884 2619 912 2670 et
938 2603 1050 2670 omnino
1074 2630 1136 2669 esse

178 2702 209 2753 15
227 2697 406 2768 impossibile.
446 2698 517 2754 Aac.
551 2697 612 2756 Nec
634 2697 712 2754 Deus
737 2699 826 2754 ullum
851 2699 1006 2771 obligatum
1029 2699 1136 2771 aliqua·

226 2791 308 2840 tenua
335 2785 431 2841 debito
460 2786 570 2857 peccati
594 2800 734 2840 assumere
762 2789 855 2855 potest
872 2785 908 2840 ad
926 2785 1136 2855 beatitudinem,

228 2871 296 2943 quia
313 2887 370 2926 non
389 2871 480 2928 debet.
515 2873 583 2926 Boe.
618 2869 708 2927 Nimis
732 2874 774 2926 est
790 2870 884 2942 gravia
903 2870 972 2926 haec
990 2871 1135 2927 sententia.

196 3036 208 3087 1
306 3009 373 3094 22·
425 3040 495 3094 Aac.
520 3040 597 3097 Audi
615 3041 707 3097 adhuc
723 3041 839 3114 aliud,¹)
856 3059 906 3098 cur
921 3058 977 3097 uon
994 3042 1086 3096 minue
1100 3039 1138 3096 sit

228 3125 344 3182 difficile
367 3125 506 3181 hominem
525 3127 699 3184 reconciliari
716 3128 787 3187 Deo.
821 3130 890 3184 Boe.
924 3125 987 3184 lusi
1003 3125 1073 3182 fides
1091 3141 1136 3182 mc

301 3301 327 3367 1)
345 3296 479 3353 Codicum
497 3303 607 3353 secutus
624 3314 800 3366 consensum,
823 3312 842 3350 a
858 3295 967 3352 verbis:
995 3297 1067 3352 audi
1082 3297 1136 3352 ad·

229 3367 282 3422 buc
301 3374 354 3424 etc.
372 3367 482 3422 initium
499 3366 599 3437 capitis
618 3373 651 3424 22
669 3367 737 3423 duxi
754 3365 921 3422 faciendum.
