2640 3816
217 317 275 384 ⁴70
412 313 440 372 S.
457 311 630 371 ensem
649 309 957 369 GANTUAROENSIS

231 484 366 550 laesione,
397 501 469 557 quae
490 483 570 538 illum
592 486 736 553 tongera,
751 481 918 553 respondens
944 497 989 536 me
1014 479 1142 536 existimo

200 566 343 627 fldebere.
377 572 447 624 Ano.
484 568 571 624 Recte
596 567 752 637 existiman
777 568 826 622 sed
851 567 897 621 dio
923 565 1003 635 mihi,
1027 583 1077 620 our
1099 565 1143 619 ita

234 673 282 712 oon
302 662 382 711 tumn
406 655 526 722 iudicat,
552 659 585 708 nt
608 653 673 724 plus
698 652 811 708 horreat
831 669 919 707 unum
943 655 1090 723 pensatum
1111 651 1142 706 in

234 741 356 796 laesione
371 739 454 794 liuius
477 737 703 808 hominis.quom
726 737 782 792 alia
806 738 912 802 omnia,
937 753 1009 809 quse
1024 737 1143 808 eogitari

234 831 366 896 possunt3
393 840 458 880 oum
479 823 572 878 omnia
590 839 773 895 quaeeunque
794 821 866 878 fiunt
887 828 1017 894 peecata,
1046 826 1144 877 eontra

202 910 314 966 'lilium
331 909 407 964 sint?
440 913 508 964 Bos.
543 907 680 975 Quoniam
704 915 850 979 peceatum
873 909 949 980 quod
971 909 1000 962 in
1023 925 1144 978 pensons.

235 995 296 1050 ains
312 993 358 1063 fit,
376 993 630 1065 inoompmabiliter
647 999 759 1065 superat
778 995 870 1049 omnia
886 993 948 1062 illa,
974 1010 1047 1064 quae
1065 998 1145 1048 extre

203 1080 382 1150 Bpersonam
405 1078 480 1138 illius
505 1080 622 1151 eogitari
646 1085 771 1151 possunt.
806 1080 876 1135 Ana
913 1078 988 1142 Quid
1011 1078 1082 1134 dieis
1106 1078 1143 1132 ad

236 1164 298 1235 hoe,
317 1165 383 1236 quia
400 1181 483 1236 saepe
507 1163 747 1238 libenteraliquis
766 1165 872 1236 patitur
889 1164 1025 1236 quasdem
1040 1163 1072 1218 in
1091 1179 1144 1218 sua

236 1265 356 1322 persona
382 1249 537 1318 molestias,
561 1267 597 1306 ne
621 1249 739 1305 maiores
763 1251 887 1321 patiatur
910 1250 940 1304 in
960 1250 1044 1304 rebus
1063 1248 1145 1304 suis?

203 1335 220 1386 9
237 1337 307 1391 Boe.
333 1335 404 1401 Quia
422 1335 500 1390 Deus
517 1351 574 1390 non
592 1339 656 1405 eget
672 1334 892 1406 haelisaeum,
914 1335 993 1390 anius
1012 1336 1145 1406 potestati

238 1421 332 1476 omnia
350 1420 508 1489 subissent,
525 1418 599 1473 sieut
614 1424 646 1472 tn
664 1435 748 1490 snpra
766 1419 877 1475 auidam
892 1437 972 1476 meae
989 1419 1144 1490 interroga-

188 1506 221 1558 10
237 1504 308 1561 tioni
326 1504 502 1576 respondisti.
512 1505 532 1572 ¹)
559 1504 630 1559 Ass.
649 1503 727 1560 Bane
743 1506 908 1577 respondes3
925 1505 1050 1560 videmus
1069 1519 1146 1575 ergo,

240 1589 306 1660 quia
329 1590 472 1646 violationi
493 1589 569 1646 vitae
590 1591 741 1662 corporalis
762 1591 844 1646 huius
861 1589 979 1646 hominis
995 1589 1075 1646 nulla
1093 1589 1145 1642 im·

238 1675 371 1730 mensitas
394 1673 439 1730 vel
463 1675 611 1730 multitudo
639 1682 817 1748 peecatorum
834 1683 911 1732 extra
927 1692 1073 1747 personam
1089 1673 1146 1729 Dei

187 1756 219 1811 11
238 1760 392 1833 eomparari
408 1759 492 1817 valet
525 1763 594 1816 Bos.
628 1760 842 1832 Apertissimum
863 1767 912 1818 est.
950 1763 1020 1816 Am.
1052 1758 1145 1825 Quan-

237 1851 297 1902 tum
314 1845 418 1902 bonum
435 1845 488 1901 tibi
505 1845 622 1917 videtin,
641 1847 720 1902 euius
740 1847 896 1903 interemtio
914 1852 973 1902 tam
992 1845 1066 1900 mala
1084 1843 1146 1902 est?

237 1933 306 1987 Bos.
340 1931 370 1988 Si
393 1949 454 1988 esse
475 1931 535 1986 eius
557 1937 615 1987 tam
637 1931 742 1989 bonum
769 1938 811 1990 est
833 1950 916 2006 quam
932 1931 1007 1987 mala
1022 1936 1067 1989 est
1085 1930 1147 1987 eius
1169 1997 1173 2007 ¹

238 2016 404 2084 destructio,
428 2017 492 2089 plus
521 2024 564 2073 est
585 2017 690 2073 bonum
714 2016 968 2087 incomparabiliter
989 2034 1074 2088 quam
1089 2017 1149 2071 sint

240 2115 274 2155 es
297 2107 414 2171 peecata
435 2101 522 2170 mala,
547 2117 619 2172 quae
645 2101 704 2156 sine
727 2100 917 2158 aestimatione
945 2108 1059 2172 superat
1086 2103 1148 2158 eius

87 2201 96 2218 ι
191 2177 223 2234 12
240 2184 404 2241 interemtio.
435 2187 503 2241 Ana.
533 2185 639 2242 Verum
657 2186 735 2241 dicis.
770 2186 871 2260 Cogita
889 2189 980 2256 etiam,
1000 2188 1065 2260 quia
1081 2203 1148 2258 poe·

130 2297 135 2319 x
240 2277 303 2326 eata
325 2277 434 2326 tantum
461 2276 526 2326 sunt
542 2271 669 2342 odibilia,
694 2279 829 2343 quantum
847 2280 911 2328 sunt
928 2273 1017 2336 mals3
1043 2279 1071 2328 et
1087 2273 1148 2328 vita

239 2356 295 2411 ista
310 2362 420 2412 tantum
446 2355 573 2413 amabilis
591 2364 646 2427 est,
675 2364 811 2428 quantum
826 2364 869 2414 est
885 2358 965 2413 bona
1001 2357 1085 2414 Unde
1104 2374 1147 2412 se-

241 2443 347 2514 quitur,
372 2443 438 2516 quia
460 2441 519 2497 vita
543 2444 597 2497 ists
620 2445 684 2516 plus
702 2449 743 2499 est
762 2443 888 2500 amabilis
908 2459 991 2514 quam
1010 2443 1066 2498 sint
1082 2459 1147 2512 pec·

241 2533 306 2582 cata
328 2526 451 2582 odibilia.
492 2528 561 2584 Bos.
596 2527 660 2586 Non
685 2546 798 2599 possum
824 2529 877 2584 hos
901 2546 958 2583 non
983 2528 1148 2600 intelligere.
1194 2553 1197 2558 ·

193 2609 223 2663 1³
241 2612 310 2667 Am.
328 2611 454 2668 Putasne
469 2618 577 2669 tantum
595 2615 699 2670 bonum
717 2620 774 2670 tam
792 2612 911 2669 amabile
922 2630 1005 2686 posse
1018 2611 1150 2692 sufficere

92 2738 94 2742 .
242 2697 279 2750 ad
295 2697 457 2759 solvendum
476 2700 551 2770 quod
573 2698 690 2756 debetur
713 2716 764 2770 pro
789 2699 911 2771 peccatis
927 2699 1012 2754 totius
1031 2697 1150 2754 mundi?

193 2783 226 2836 14
243 2781 312 2835 Bos.
345 2782 406 2837 Imo
429 2782 492 2855 plus
509 2789 603 2856 potest
619 2784 649 2840 in
666 2783 813 2839 infinitum.
847 2785 916 2839 Ans.
944 2784 1032 2841 Vides
1050 2785 1150 2857 igitur,

243 2868 383 2938 quomodo
408 2869 467 2924 vita
490 2868 560 2926 haee
585 2871 680 2926 vineat
705 2868 797 2924 omnia
820 2876 948 2944 peceato,
977 2869 1000 2923 si
1023 2887 1073 2941 pro
1092 2868 1148 2922 illis

243 2952 333 3007 detur.
370 2953 440 3007 Bos.
459 2954 574 3025 Aperte.
611 2956 679 3010 Am.
698 2955 728 3012 Si
746 2973 812 3027 ergo
830 2955 896 3011 dare
913 2955 999 3011 vitam
1018 2961 1060 3012 est
1075 2972 1150 3010 mor·

243 3043 301 3092 tem
323 3037 465 3108 seeipere;
498 3038 569 3094 sieut
592 3037 668 3095 datio
691 3039 773 3098 huius
796 3039 870 3098 vitae
892 3041 1035 3114 praevalet
1061 3039 1149 3096 omni·

243 3119 296 3177 bus
312 3119 453 3178 hominnm
471 3123 601 3195 pensatis,
620 3125 661 3180 its
680 3131 710 3182 et
725 3126 850 3198 aeoeptio
868 3124 972 3182 mortis.

315 3380 341 3446 1)
357 3377 431 3436 Vide
447 3375 511 3434 Lib.
529 3375 552 3433 1.
571 3394 594 3433 e.
616 3381 723 3450 153'21,
742 3386 756 3435 t
775 3395 816 3450 sq·
