2640 3816
391 299 469 364 ΕΗΒ
486 299 588 358 DEUS
605 297 724 358 HOMO.
758 295 797 354 II.
817 302 894 356 3—5.
1050 294 1103 369 ῦὸ

195 476 311 546 propter
328 471 467 528 sciscere
483 488 569 544 quam
585 476 699 544 propter
716 467 787 526 nos?
821 469 863 522 At
871 468 896 522 si
905 467 946 522 ita
957 471 1009 535 est,
1020 481 1104 536 quam
1131 491 1138 535 ς
1193 507 1198 518 .
1312 483 1313 490 “

181 558 316 632 ,gratam
343 557 385 614 ini
413 557 548 616 debemus
578 574 629 629 pro
659 574 692 612 eo
720 555 796 628 quod
821 552 890 610 facit
912 555 1026 624 propter
1053 549 1104 606 se?

195 643 340 710 Quomodo
373 643 458 699 etiam
494 649 618 700 nostram
652 640 851 713 imputabimus
890 635 1008 692 salutem
1043 633 1104 692 eius

195 727 316 802 gratiae,
338 728 431 784 sinos
449 729 540 784 salvat
556 725 741 785 necessitate?
776 725 848 780 Arce.
883 723 936 778 Est
952 719 1138 776 recedisse
1219 793 1220 798 Ἰ

196 830 268 885 quae
286 813 473 870 benefacienti
495 813 615 886 gratiam
639 811 731 868 aufmt
747 815 797 866 eut
812 808 926 879 minuit,
952 812 981 862 et
999 811 1042 862 est
1057 821 1106 860 ne·

196 898 312 975 cessitas
333 915 390 970 qua
412 899 499 966 maior
518 897 654 956 beneficio
675 896 767 970 gratia
786 895 911 952 debetur.
938 888 1105 948 cumcuim

150 975 151 980 ’
196 983 297 1057 aliquis
329 1001 364 1043 ea
389 985 553 1041 necessitate
581 983 627 1041 cui
655 981 783 1038 subiacet
810 980 928 1049 invitus,
954 975 1104 1045 benefacit,
1117 1001 1137 1030 s

196 1075 246 1124 aut
262 1071 342 1126 nuile
364 1076 414 1126 sut
430 1069 520 1126 minor
535 1069 586 1124 illa
602 1067 694 1142 gratie
711 1067 835 1122 debetun
871 1065 942 1122 Oum
959 1081 1025 1120 vero
1043 1059 1139 1134 ipset

195 1170 227 1209 se
245 1159 344 1225 sponte
363 1154 524 1211 necessitati
540 1152 734 1210 benefaciendi
751 1150 846 1207 subdit
863 1166 916 1206 nec
927 1149 1031 1204 invitos
1042 1165 1105 1204 eam

196 1238 323 1308 sustinet,
342 1245 409 1294 tunc
426 1240 524 1312 utique
541 1237 669 1294 beneficii
686 1237 806 1310 gratiam
823 1240 944 1292 meretur
963 1233 1104 1290 morem.

196 1323 261 1382 Non
277 1325 351 1380 enim
369 1325 441 1382 haec
458 1330 501 1380 est
521 1322 640 1378 dicenda
663 1323 815 1379 necessitas
839 1321 889 1378 sed
913 1319 1016 1414 gratia,
1039 1317 1107 1389 quia

195 1409 275 1466 nullo
292 1418 410 1483 cogente
427 1409 505 1464 illam
522 1408 648 1480 suscepit
663 1415 712 1464 aut
728 1414 821 1466 servat
840 1408 891 1464 sed
908 1405 1005 1480 matis.
1032 1403 1121 1458 Nam-

196 1496 222 1550 si
238 1497 314 1569 quod
330 1496 413 1552 hodie
435 1499 534 1566 sponte
558 1493 696 1564 promittis
717 1500 745 1550 te
765 1510 827 1549 cras
842 1494 985 1561 daturum,
1009 1490 1107 1547 eedem

195 1597 258 1637 cras
275 1582 419 1638 voluntate
435 1579 501 1650 des3
526 1579 652 1650 quemvis
672 1595 787 1635 necesse
809 1579 846 1634 sit
862 1584 890 1633 te
908 1595 969 1634 cras
989 1577 1125 1646 reddere

196 1667 364 1736 promissum
383 1668 407 1722 si
425 1669 518 1736 potes,
531 1663 593 1718 ‘aut
611 1663 735 1734 mentiri,
759 1681 816 1720 uon
832 1669 926 1720 tamen
942 1663 1034 1718 minus
1053 1661 1107 1720 tibi

198 1747 282 1804 debet
300 1749 348 1805 ille
368 1768 420 1822 pro
437 1748 562 1821 impenso
586 1747 722 1805 beneficio
746 1747 793 1804 cui
817 1747 881 1816 das,
906 1765 992 1822 quam
1009 1748 1033 1804 si
1050 1765 1107 1804 non

196 1831 377 1904 promisisses,
404 1833 534 1905 quoniam
556 1837 585 1890 te
607 1833 761 1893 debitorem
778 1840 842 1890 ante
858 1841 970 1905 tempus
989 1833 1109 1892 dationis

197 1915 240 1972 illi
255 1915 350 1972 facere
368 1935 425 1974 non
447 1935 477 1973 es
502 1925 625 1979 coactus.
660 1919 730 1976 Tale
752 1926 807 1990 est,
834 1935 897 1976 cum
914 1918 977 1992 quis
993 1920 1138 1982 sanctaed

197 2003 414 2060 conversationis
437 2011 535 2077 sponte
559 2009 643 2062 vovet
665 2005 845 2078 propositum.
880 2004 1014 2072 Quamvis
1031 2021 1126 2064 niun·⁴

198 2105 253 2162 que
269 2105 381 2144 semare
398 2089 469 2144 illud
489 2107 522 2156 ex
543 2088 710 2146 necessitate
729 2096 794 2161 post
816 2095 913 2146 votum
934 2090 1050 2160 debeat,
1072 2106 1111 2147 ne

198 2181 343 2246 apostatae
360 2174 569 2230 damnationem
588 2176 719 2246 incurret,
738 2179 766 2232 et
781 2175 848 2234 licet
863 2175 926 2249 cogi
944 2176 1035 2248 possit
1052 2192 1110 2232 ser·

196 2275 263 2315 vare
285 2261 310 2313 si
335 2259 420 2331 nolit,
446 2259 470 2314 si
493 2264 588 2316 tamen
612 2276 669 2316 non
694 2259 797 2316 invitm
821 2268 914 2317 servat
930 2261 1006 2334 quod
1021 2263 1110 2332 vovit,

196 2361 254 2400 non
271 2345 362 2400 minus
378 2346 429 2400 sed
452 2345 542 2416 magis
566 2351 664 2416 gratus
683 2351 725 2402 est
743 2345 818 2417 Deo,
845 2347 970 2418 quamsi
988 2363 1045 2402 non
1061 2363 1124 2402 vo·⁴

196 2429 294 2499 visset3
318 2432 449 2502 quoniam
470 2447 527 2486 non
550 2430 646 2505 solum¹
658 2447 830 2488 communem
845 2431 934 2489 vitam
954 2431 1107 2488 sedetiam

197 2515 257 2570 eius
274 2513 416 2576 licentiam
434 2515 488 2572 sibi
506 2521 620 2587 propter
636 2515 730 2570 Deum
752 2514 919 2590 abnegavit3
941 2533 993 2574 nec
1012 2521 1108 2574 sancte

198 2605 291 2656 vivere
308 2600 441 2657 dicendus
459 2605 502 2656 est
517 2599 695 2670 necessitate,
722 2599 771 2655 sed
788 2597 887 2654 eedem
905 2617 962 2672 que
979 2601 1057 2658 vovit
1073 2601 1106 2658 li·

196 2685 314 2743 bertate.
344 2685 437 2751 Quare
453 2685 541 2743 multo
560 2685 650 2758 magis
668 2684 692 2739 si
708 2684 788 2751 Deus
804 2685 873 2740 iacit
887 2685 992 2742 bonum
1001 2685 1106 2750 bomini
1123 2689 1141 2742 7

199 2771 275 2844 quod
299 2769 418 2842 incepit,
446 2769 512 2826 licet
542 2787 598 2826 non
624 2769 723 2826 deceat
749 2785 813 2826 eum
835 2785 854 2826 a
875 2768 949 2826 bono
975 2768 1104 2843 incoepto

198 2855 332 2927 deficere,
360 2862 450 2912 totum
477 2855 587 2930 gratiae
615 2854 749 2912 debemus
778 2854 929 2926 imputare,
961 2855 1027 2928 quia
1052 2856 1105 2914 hoe

198 2947 312 3014 propter
349 2958 400 2997 nos
435 2957 491 2995 non
522 2946 636 3014 propter
672 2957 702 2996 se
734 2939 837 2996 nullius
871 2957 956 3014 egens
990 2941 1142 3014 incapite

197 3027 262 3084 Non
299 3027 373 3082 enim
415 3025 495 3081 illum
528 3026 623 3098 latuit,
666 3024 735 3097 quid
767 3025 849 3081 bomo
884 3025 1010 3082 facturus
1047 3033 1107 3083 erat

199 3127 263 3166 cum
294 3112 374 3168 illum
407 3111 489 3182 fecit,
525 3115 555 3166 et
581 3116 676 3167 tamen
705 3109 832 3166 bonitate
858 3128 910 3168 sua
938 3111 1018 3168 illum
1048 3127 1106 3167 cre·

189 3196 273 3252 »endo
290 3204 389 3270 sponte
410 3214 454 3268 se,
473 3201 507 3252 ut
531 3195 676 3268 perficeret
697 3194 854 3268 incoeptum
879 3195 998 3268 bonum,
1025 3196 1106 3270 qussi

198 3280 341 3353 obligavit.
405 3282 535 3355 Denique
578 3282 658 3339 Deus
705 3279 776 3338 nibil
821 3279 891 3340 facit
930 3279 1139 3354 necessitates

198 3365 266 3440 quic
304 3368 381 3426 nullo
421 3370 505 3426 modo
545 3367 655 3441 cogitur
696 3373 747 3432 ent
792 3367 956 3441 prohibetur
998 3363 1106 3437 atquo
