2640 3816
206 255 247 324 88
389 257 416 314 S.
432 253 602 312 ANSELMI
619 251 924 310 CANTUARIENSIS

205 423 303 496 babet,
331 423 396 496 quie
416 424 504 480 Filius
528 429 626 496 sponte
651 439 680 477 se
696 422 789 494 ipsum
806 423 884 478 Petri
910 420 1025 486 obtutu
1051 421 1104 476 hee

205 525 325 580 nemque
346 509 428 566 modo
455 509 627 580 apertissime
651 507 763 576 dieitur,
785 507 853 578 quie
871 513 900 562 et
922 507 953 562 in
972 523 1029 562 une
1042 523 1103 576 per·

172 665 174 668 ¹
205 609 274 652 sone
291 599 365 650 totus
381 595 458 650 Deus
481 594 527 648 oui
553 593 704 650 seeundum
721 593 859 648 hominem
875 608 904 646 se
924 590 1038 660 obtulit,
1064 591 1105 646 in·

205 677 352 750 telligitu13
371 686 398 734 et
415 696 465 750 per
476 696 576 734 nomen
586 679 678 734 Petris
697 679 801 734 etFilii
818 679 951 734 immense
968 677 1105 748 quaedem

206 762 236 819 in
259 762 390 819 cordibus
413 763 596 833 audientium,
621 781 684 818 oum
706 765 818 819 Patrem
840 765 928 820 Filius
950 763 1002 818 hoo
1024 763 1106 820 modo

206 849 346 918 postulare
359 866 411 918 pro
429 848 508 904 nobis
528 849 643 919 dieitur,
666 851 756 920 pietas
780 849 905 906 sentitur.
940 851 1009 902 Bos.
1043 847 1105 904 Hoe

205 930 385 989 libentissime
399 935 515 1005 eooipio.

176 1095 188 1146 l
247 1127 249 1132 ⁴
289 1068 357 1156 19·
400 1105 469 1159 Aue.
493 1095 665 1184 ¹Intuerentur
673 1108 693 1174 ¹)
722 1124 796 1162 nuno
834 1112 917 1176 prout
951 1122 1107 1176 possumus,

210 1191 314 1258 quanta
339 1189 405 1246 inde
433 1191 541 1246 ratione
571 1197 702 1262 sequetur
731 1193 853 1248 humane
880 1190 1004 1246 solvetio.
1039 1192 1107 1244 Boe.

207 1270 254 1326 Ad
272 1272 325 1328 hoo
350 1276 440 1330 tendit
463 1294 511 1332 eor
533 1295 634 1332 meum.
669 1278 742 1333 Nam
767 1277 891 1354 quemvis
912 1276 965 1346 hoo
984 1275 1052 1330 mihi
1069 1275 1107 1329 vi-

162 1415 164 1422 ,
207 1358 274 1412 dean
301 1360 468 1434 intelligere,
496 1363 586 1432 ipsum
611 1369 705 1418 tamen
729 1363 844 1418 rationis
868 1362 1109 1417 contextionem

174 1440 191 1501 2
207 1445 236 1494 te
252 1443 315 1496 volo
326 1443 394 1498 fieri.
422 1449 490 1502 Ans.
509 1447 650 1524 Quantum
662 1453 754 1504 eutem
771 1447 808 1504 sit
820 1448 895 1518 quod
912 1447 1110 1516 Filiussponte

209 1525 298 1596 dedit,
322 1547 379 1585 non
394 1540 436 1589 est
453 1551 523 1604 opus
547 1551 690 1604 exponere.
725 1535 794 1588 Boe.
830 1531 1006 1589 sufficienter
1022 1538 1108 1603 petet

175 1611 277 1668 3Arw.
310 1615 382 1671 Eum
403 1627 496 1676 autem
521 1620 570 1691 qui
593 1625 701 1676 tentum
728 1619 950 1688 donumsponte
973 1619 1022 1672 det
1037 1617 1109 1685 Deo,

174 1695 268 1752 tsine
284 1701 464 1766 retributione
489 1706 589 1762 debere
612 1722 673 1760 esse
696 1723 751 1760 non
768 1703 912 1759 iudicabis.
948 1705 1015 1756 Bos.
1050 1701 1110 1759 Imo
1174 1706 1176 1712 '

208 1800 322 1841 neeesse
345 1804 404 1844 esse
430 1791 527 1860 video,
555 1798 588 1846 ut
610 1791 694 1846 Peter
712 1789 785 1844 Filio
810 1789 960 1856 retribuet;
987 1785 1128 1859 elioquin¹
1162 1834 1164 1837 .

209 1874 259 1924 eut
275 1871 393 1928 iniustus
412 1892 472 1932 esse
490 1877 600 1932 videtur
623 1876 647 1930 si
668 1875 767 1943 nollet,
791 1881 840 1929 eut
856 1874 992 1944 impotens
1010 1873 1035 1927 si
1049 1889 1111 1948 ¹non

176 1949 192 1999 5
208 1963 318 2027 possen
336 1963 517 2030 quaestione
534 1967 600 2016 sunt
617 1978 634 2016 e
651 1961 720 2016 Deo.
755 1963 824 2014 Ans.
846 1959 902 2022 Qui
918 1957 1046 2014 retribuit
1062 1957 1111 2012 oliss

209 2040 268 2108 eui,
292 2048 341 2097 eut
361 2044 410 2101 det
427 2048 502 2117 quod
517 2046 565 2102 ille
582 2045 752 2113 nonhabet,
779 2050 829 2098 eut
846 2044 960 2102 dimittit
980 2043 1055 2116 quod
1074 2042 1110 2098 ab

179 2131 188 2146 “
208 2121 257 2182 illo
275 2135 367 2196 potest
385 2132 466 2202 exigi.
500 2132 582 2185 Prius
605 2135 698 2186 eutem
723 2144 806 2199 quem
825 2136 930 2184 mntem
947 2145 1005 2184 rem
1022 2127 1111 2182 Filius

209 2208 328 2282 feceret,
352 2216 444 2272 omnia
467 2231 539 2287 quae
561 2215 653 2270 Petris
680 2219 770 2285 erant,
796 2231 848 2270 sue
873 2221 964 2282 (Μὴ
987 2229 1039 2268 neo
1062 2229 1111 2266 un-

177 2293 193 2345 6
211 2315 295 2369 quem
314 2299 424 2372 debuit,
448 2300 524 2372 quod
550 2299 591 2357 illi
608 2299 709 2356 dimitti
725 2301 821 2372 possit
859 2294 933 2364 Quid
949 2315 1017 2372 ergo
1034 2297 1112 2352 retri-

211 2383 312 2442 buetur
328 2385 431 2442 nullius
458 2385 498 2442 rei
516 2385 624 2457 egenti,
649 2393 678 2441 et
694 2386 740 2440 oui
757 2403 813 2442 non
832 2392 875 2440 est
894 2385 968 2455 quod
985 2384 1047 2438 deri
1064 2390 1113 2439 eut

211 2467 312 2525 dimitti
336 2473 444 2543 possit?
479 2467 548 2529 Bos.
583 2471 627 2526 Ex
655 2488 711 2526 une
736 2477 815 2542 parte
838 2469 919 2526 rideo
940 2469 1113 2526 retribuendi

210 2557 404 2619 neeeuintem
428 2565 457 2616 et
478 2573 512 2614 ex
533 2557 623 2614 altere
645 2555 911 2626 impossibilitatem
935 2556 1049 2627 quiret
1065 2571 1113 2610 ne·

212 2656 289 2696 eesse
306 2649 348 2697 est
363 2643 455 2699 Deum
474 2643 592 2700 reddere
609 2643 685 2713 quod
701 2640 791 2710 debet,
809 2647 838 2696 et
853 2658 910 2696 non
928 2647 971 2696 est
988 2641 1034 2697 oui
1051 2641 1112 2695 red·

180 2721 270 2782 'ldst
305 2730 375 2784 Aee.
403 2729 433 2786 si
460 2735 539 2786 tonte
564 2732 592 2783 et
613 2735 670 2782 tam
691 2725 787 2782 debite
811 2742 914 2782 meroes
931 2743 983 2782 neo
1003 2726 1044 2782 illi
1060 2741 1113 2780 neo
1203 2745 1206 2755 “

213 2810 261 2866 elii
279 2811 417 2883 redditur,
439 2814 470 2868 in
491 2830 593 2870 venum
610 2813 698 2869 Filius
722 2817 830 2868 tentem
846 2828 906 2866 rem
922 2811 1021 2868 feoisse
1037 2810 1112 2866 vide-

180 2893 295 2957 suitur.
331 2901 399 2952 Bos.
418 2900 480 2958 Hoe
497 2899 575 2956 nefas
594 2905 637 2954 est
653 2897 808 2956 aestimare
842 2899 913 2952 Auo.
933 2897 1054 2954 Necesse
1072 2902 1114 2952 est

213 3001 280 3057 ergo
298 2989 330 3043 ut
350 2983 435 3042 uisui
453 2985 501 3042 elii
518 2985 664 3052 reddetur,
687 2983 754 3054 quie
773 2982 815 3038 illi
837 2999 894 3038 non
910 2989 1008 3054 potest
1044 2985 1113 3038 Bur.

164 3064 197 3130 ,9
214 3067 413 3136 Ineritnbiliter
438 3070 567 3141 sequitu.
614 3071 684 3126 Aee.
720 3068 751 3126 si
772 3067 892 3124 voluerit
919 3067 1008 3124 Filius
1038 3066 1115 3138 quod

285 3329 310 3396 1)
329 3326 364 3381 In
380 3325 461 3380 Mser.
479 3321 524 3376 hio
542 3320 640 3390 ineipit
657 3337 682 3375 o.
703 3327 743 3376 19.
