2640 3816
233 302 277 371 34
417 301 444 359 S.
462 300 633 360 ausuum
649 299 957 359 CANTUARIENSIS

234 473 332 528 mundi
349 479 477 528 naturam
502 472 532 526 in
556 472 655 528 melius
674 477 809 542 mutarem
832 477 882 530 aut
899 471 924 527 si
940 471 1066 544 perfecta
1082 479 1145 530 erat

234 558 263 614 in
280 575 409 628 numero,
432 577 489 616 non
505 557 631 630 perfecta
650 562 711 614 eret
728 558 759 614 in
777 557 999 626 confirmatione,
1015 563 1046 613 et
1063 557 1144 615 diffe-

232 643 321 702 renda
337 649 399 700 erat
417 644 475 700 eius
495 643 680 713 confirmatio,
699 642 807 700 etiamsi
823 643 917 701 nullus
933 644 963 698 in
980 659 1014 698 ea
1030 661 1144 716 peccas·

234 737 289 800 set,
313 749 402 803 usque
428 730 465 784 ad
483 747 545 786 eam
565 729 662 784 muudi
680 745 764 799 quam
786 732 965 800 expectamus
989 727 1144 784 renovatio·

233 833 312 885 nem;
340 820 390 871 aut
407 817 431 871 si
448 832 504 872 nou
522 815 627 871 diutius
647 815 697 870 illa
712 811 885 869 confirmatio
903 811 1059 869 differenda
1076 818 1145 884 erat,
1217 835 1226 848 ·

234 902 418 958 acceleranda
446 907 506 957 erat
533 901 677 956 mundana
706 899 865 969 renovatio,
895 905 929 954 ut
956 915 1021 954 cum
1048 899 1146 956 eadem

184 984 217 1036 33
235 986 443 1044 confirmatione
459 986 547 1044 fieret.
582 986 639 1044 Sed
663 985 739 1057 quod
764 984 899 1040 mundum
916 985 1023 1040 noviter
1039 985 1146 1040 factum

236 1072 330 1128 statim
341 1072 419 1128 Deus
437 1089 571 1129 renovare
588 1077 618 1129 et
637 1087 684 1127 eas
702 1087 747 1126 res
764 1087 837 1142 quae
854 1075 919 1140 post
938 1069 1146 1126 renovationem

235 1157 313 1214 illam
330 1176 387 1214 non
404 1166 493 1233 erunt,
517 1159 548 1214 in
566 1158 628 1230 ipso
646 1155 736 1226 initio,
761 1160 911 1228 antequam
929 1162 1078 1228 appareret
1095 1171 1146 1212 our

235 1241 329 1298 factae
354 1249 463 1314 essent,
487 1245 631 1300 destruere
650 1241 815 1312 instituerit,
843 1241 918 1298 omui
936 1245 1013 1296 caret
1030 1240 1146 1298 ratione.

185 1329 218 1380 el
236 1327 367 1401 Sequitur
384 1346 465 1400 ergo,
490 1329 558 1400 quia
579 1328 673 1400 angeli
696 1345 753 1382 uon
777 1327 818 1382 ita
840 1325 955 1383 firment
979 1327 1009 1381 in
1028 1319 1146 1385 'mamere

235 1412 367 1483 perfeeto,
392 1420 424 1468 ut
442 1429 537 1468 eorum
557 1411 727 1468 confirmatio
747 1429 804 1468 non
821 1413 871 1468 diu
889 1405 1061 1479 ufforeou,
1082 1426 1146 1481 pro·

235 1505 333 1570 pterea
361 1498 428 1570 quia
456 1497 555 1552 muudi
584 1497 650 1553 novi
678 1498 884 1554 renovationem
913 1515 978 1553 mox
1008 1503 1148 1568 oporteret

185 1584 218 1636 ³5
235 1581 310 1652 riori3
336 1583 413 1654 quod
430 1601 487 1639 non
504 1583 641 1638 convenit.
683 1583 765 1648 Quod
787 1587 882 1639 autem
907 1584 1024 1640 eandem
1035 1581 1146 1640 ¹conlin-

235 1669 386 1724 mationem
404 1668 547 1740 usquead
563 1669 661 1724 mundi
679 1669 803 1726 futuram
816 1669 1023 1727 renovationem
1035 1667 1147 1726 differre

235 1753 314 1810 Deus
331 1753 465 1823 voluerit,
489 1753 686 1810 inconveniens
710 1755 833 1827 videtur,
855 1755 1019 1828 praesertim
1034 1770 1099 1810 curn
1114 1755 1148 1810 il·

235 1840 292 1896 lam
315 1841 346 1896 in
369 1839 511 1912 aliquibus
534 1845 594 1896 tam
617 1841 674 1896 cito
695 1841 862 1912 perfecerim
883 1845 913 1897 et
939 1858 1003 1897 cum
1027 1839 1147 1912 intelligi

235 1925 337 1997 possit,
364 1925 432 1997 quia
457 1923 487 1979 in
512 1925 609 1997 primis
631 1925 790 1981 hominibus
815 1927 928 1999 quando
953 1932 1148 1998 peccaverunt,

235 2010 313 2065 illam
328 2010 441 2068 fecisset
457 2011 483 2065 si
508 2027 565 2066 uon
588 2016 766 2082 peccassent,
794 2012 868 2069 sieut
888 2012 956 2069 fecit
973 2013 1003 2068 in
1020 2029 1148 2084 perseve-

185 2094 363 2154 comtibus
390 2094 508 2166 angelis.
554 2093 687 2158 Quamvis
715 2097 789 2152 enim
815 2099 940 2154 nondum
965 2097 1148 2170 proveheren-

236 2185 282 2234 tur
301 2179 339 2234 ad
357 2179 435 2234 illam
452 2179 651 2252 aequalitatem
670 2183 847 2254 augelorum,
875 2182 1015 2256 adquam
1032 2200 1148 2256 perven-

235 2265 292 2321 turi
310 2271 389 2320 erant
406 2264 550 2335 homines,
574 2283 638 2321 cum
661 2267 802 2338 perlectum
823 2275 897 2325 essct
912 2287 1043 2326 nummus
1060 2269 1096 2325 da
1116 2269 1149 2324 il·

236 2351 271 2406 lis
289 2351 489 2413 assumendust
519 2352 549 2407 in
574 2350 624 2406 illa
640 2356 734 2408 tamen
752 2353 860 2410 iustitia
875 2354 905 2409 in
923 2362 1091 2428 quaerant,
1109 2354 1148 2408 vi·

237 2437 333 2508 detur,
358 2438 449 2509 quod,
474 2437 498 2492 si
523 2436 656 2492 vicissent
678 2445 711 2494 ut
733 2456 791 2494 non
808 2447 958 2511 peccarent
977 2441 1091 2511 tentati,
1109 2441 1150 2496 ita

236 2523 466 2580 confimarenuu
492 2537 558 2580 cum
584 2523 659 2578 omui
684 2525 839 2598 propagine
856 2543 921 2597 sua,
945 2533 978 2586 ut
995 2527 1069 2584 uua
1084 2542 1149 2598 pec·

237 2625 303 2666 cars
323 2625 381 2666 nou
406 2615 535 2681 possent:
562 2608 896 2680 quemadmodumque
922 2613 991 2668 victi
1015 2629 1149 2686 peccave·

237 2701 317 2765 suut,
340 2695 382 2751 sie
398 2693 531 2750 infirmati
546 2700 625 2765 sunt,
648 2701 693 2763 ut,
718 2699 854 2766 quantum
871 2695 901 2752 iu
917 2696 986 2768 ipsis
1006 2703 1065 2767 est,
1089 2695 1150 2752 siue

185 2783 219 2838 dl
237 2785 354 2852 peceato
372 2795 433 2834 esse
453 2796 510 2836 non
529 2779 646 2850 possint
676 2778 746 2846 Quis
763 2780 838 2836 euim
855 2781 960 2836 audeat
975 2780 1068 2835 dicare
1085 2779 1150 2851 plus

238 2864 333 2920 valere
357 2863 522 2920 iniustitiam
545 2865 583 2920 ad
607 2865 781 2936 alligandum
801 2865 832 2920 in
855 2866 987 2922 servitute
1009 2864 1150 2921 hominu

238 2950 272 3006 in
288 2949 380 3022 prima
398 2949 527 3006 suasione
550 2949 605 3006 sibi
622 2949 853 3019 consentientem,
883 2968 968 3023 quam
984 2949 1092 3007 valeret
1108 2950 1151 3006 iu·

239 3033 319 3093 stitia
336 3035 374 3092 ad
391 3034 613 3094 confirmandum
629 3053 694 3092 eum
718 3036 749 3092 in
765 3035 909 3108 libertate,
934 3035 989 3092 sibi
1005 3036 1035 3090 in
1051 3033 1164 3091 eadcm'

184 3127 217 3181 ³8
238 3120 332 3194 prima
361 3115 515 3180 mutatione
545 3121 762 3180 adheermtem?
805 3123 879 3182 Nam
907 3118 1150 3192 quemadmodum,

239 3207 371 3280 quoniam
391 3207 515 3264 humana
537 3213 639 3262 nauus
655 3213 717 3268 tota
734 3216 797 3266 erat
813 3209 849 3264 iu
859 3204 1023 3280 parentibus
1043 3205 1149 3279 primis,

305 3365 331 3432 1)
349 3363 400 3434 qui
414 3361 441 3417 Β
458 3391 495 3404 -
512 3361 596 3432 quia.¹
