2640 3816
239 291 282 366 tt
325 318 331 323 ·
418 289 960 368 s.ansn1aflearerosarnns1s

239 481 439 538 beatitudinem
465 495 521 535 non
542 477 663 550 pertinet
688 477 863 534 commodum
887 479 962 550 quod
980 469 1065 536 babet
1081 482 1147 552 quis

240 575 337 624 contra
352 565 540 630 voluntatem,
558 563 599 618 ita
614 580 671 618 non
690 570 732 620 est
748 564 859 619 nnete
878 566 1084 636 apprehendere
1102 583 1145 620 sa-

238 654 346 725 pienter
370 651 449 707 nella
474 649 640 706 necessitate
672 649 787 721 aliquod
814 649 1017 706 incommodum
1049 668 1145 707 seeun-

240 739 305 793 dum
325 737 504 793 volantatem.
539 737 607 790 Boe.
627 733 843 790 Concedendum
861 741 910 792 est.

206 893 247 945 Γ
317 875 385 960 13.
433 909 501 960 Bes.
519 905 624 962 Verum
642 906 671 960 in
688 896 1146 977 beesimilitndinequamhebere

239 993 322 1056 debet
346 1007 409 1046 cum
436 989 605 1060 hominibus,
632 991 691 1061 die,
715 996 808 1046 utrum
832 991 1017 1062 ignorantiam
1035 1008 1146 1065 qnoque

203 1081 220 1134 2
239 1079 311 1134 sicut
328 1079 398 1133 alias
418 1076 590 1131 infirmitates
608 1082 716 1131 normas
729 1077 874 1132 habiturus
893 1077 949 1132 sit?
979 1079 1050 1135 Ana.
1070 1079 1146 1144 Quid

238 1163 349 1220 dubitas
373 1163 408 1220 de
430 1163 505 1232 Deo,
537 1165 692 1218 utrum¹sit
714 1163 807 1218 omnia
830 1161 940 1218 sciens?
974 1165 1043 1219 Boe.
1073 1156 1146 1228 Quia

237 1249 363 1324 quamvis
382 1249 419 1303 sit
435 1249 598 1304 immortalis
622 1249 732 1304 intumis
756 1266 790 1304 ex
815 1249 909 1303 divina
933 1253 1046 1318 natura,
1074 1267 1145 1304 mor·

237 1336 301 1390 talis
319 1341 413 1390 tamen
431 1334 482 1390 erit
507 1351 541 1390 ex
556 1335 684 1389 humana.
721 1335 794 1392 Nem
814 1352 864 1389 eur
880 1351 936 1388 non
955 1331 1080 1390 similiter
1097 1351 1145 1406 po

237 1421 303 1475 terit
320 1418 376 1474 illis
394 1419 477 1474 homo
502 1437 562 1477 esse
586 1435 651 1476 vere
669 1420 824 1492 ignorans,
851 1418 923 1474 sieut
940 1435 1004 1474 rere
1021 1420 1145 1474 mortalis
1246 1477 1251 1491 ,

204 1501 220 1552 3
237 1503 310 1560 erit?
344 1503 415 1556 Ans.
450 1501 504 1556 lile
521 1503 640 1558 hominis
660 1504 791 1560 assumtio
809 1503 839 1557 in
855 1503 991 1558 unitatem
1010 1519 1145 1574 personae

96 1600 101 1609 ‘
122 1641 125 1645 .
236 1587 291 1644 Dei
308 1603 365 1642 non
381 1587 436 1642 nisi
459 1585 599 1658 sapienter
624 1606 642 1644 a
667 1605 775 1644 summa
794 1589 931 1659 sapientia
947 1587 1010 1656 fiet,
1035 1591 1064 1642 et
1080 1587 1161 1651 ideo⁴

236 1693 292 1730 non
319 1675 441 1728 assumet
471 1673 501 1726 in
530 1672 655 1744 bomine,
686 1675 761 1746 quod
789 1674 867 1728 nullo
892 1673 973 1728 modo
996 1671 1064 1727 utile
1094 1673 1146 1728 sed

235 1759 318 1815 valde
342 1759 454 1814 noxium
477 1767 519 1814 est
544 1761 581 1813 ad
608 1775 690 1830 opus,
719 1759 794 1832 quod
817 1759 890 1814 idem
914 1759 996 1814 homo
1018 1757 1144 1813 facturus

202 1845 285 1900 test
321 1844 484 1916 ignorantia
508 1861 628 1917 namque
654 1847 690 1900 ad
714 1845 832 1899 nibilum
850 1843 892 1897 ilii
908 1843 986 1898 utilis
1004 1850 1077 1899 esset
1094 1844 1144 1899 sed

236 1931 272 1986 ad
290 1931 378 1986 multa
395 1930 492 1998 noxia,
516 1930 653 2001 quomodo
680 1931 753 1985 enim
770 1936 812 1985 tot
829 1937 857 1984 ct
874 1936 953 1984 tanta
970 1947 1054 2001 opera
1072 1933 1144 2001 qua‘e

235 2017 359 2070 facturus
378 2022 428 2084 est,
447 2013 533 2070 faciet
550 2016 610 2080 sine
630 2031 737 2070 summa
755 2015 912 2085 sapientia?
939 2022 988 2070 aut
1005 2015 1143 2086 quomodo

201 2099 277 2154 tini
294 2101 418 2154 homines
437 2101 565 2169 eradent,
591 2101 616 2154 si
637 2117 699 2155 eum
717 2100 805 2156 scient
822 2100 965 2158 nescium?
1001 2100 1031 2156 si
1049 2107 1143 2156 antem

234 2183 373 2254 nescient,
398 2183 435 2238 ad
454 2183 523 2254 quid
540 2184 593 2240 erit
610 2185 636 2240 ei
658 2185 734 2240 utilis
753 2186 911 2258 ignorantia
927 2187 1011 2241 inat
1030 2185 1140 2244 Deinde

235 2271 258 2326 si
281 2269 351 2324 nihil
377 2275 485 2325 amatur
508 2271 562 2325 nisi
588 2272 663 2342 quod
686 2274 877 2344 cognoscitur,
903 2273 974 2327 sicut
996 2272 1065 2327 nibil
1091 2273 1144 2328 erit

233 2358 300 2414 boni
318 2350 393 2430 qnod
412 2373 468 2410 non
486 2364 566 2428 amet,
589 2358 629 2413 ita
648 2357 756 2412 nullum
777 2360 879 2414 bonnm
901 2357 955 2412 erit
971 2359 1045 2430 quod
1064 2358 1142 2430 igno·

200 2446 282 2500 tret
318 2443 427 2498 Bonum
453 2448 546 2498 autem
570 2461 650 2499 nemo
673 2443 796 2514 perfecte
818 2443 896 2498 novit
920 2443 975 2498 nisi
1000 2444 1048 2515 qui
1071 2443 1142 2498 illud

233 2547 250 2584 a
275 2530 348 2584 malo
361 2529 425 2586 seit
448 2530 617 2596 discernere;
644 2530 716 2584 hanc
737 2545 847 2600 quoque
868 2527 1061 2585 discretionem
1081 2530 1141 2583 nul-

200 2616 276 2669 tlus
305 2615 358 2670 seit
385 2615 492 2684 facere,
527 2615 575 2686 qui
601 2615 706 2668 malum
734 2613 851 2685 ignorat.
888 2613 966 2670 Sicut
988 2616 1074 2688 igitur
1092 2614 1141 2670 ille

233 2700 268 2754 de
289 2717 344 2770 quo
362 2700 514 2771 loquimur,
541 2718 620 2758 omne
644 2699 766 2772 perfecte
790 2700 859 2756 sciet
882 2700 999 2772 bonum,
1024 2702 1063 2756 ita
1080 2701 1151 2755 nab*

232 2783 290 2839 lum
310 2784 448 2854 ignorabit
465 2785 574 2840 malum.
610 2785 727 2841 Omnem
753 2785 840 2856 igitur
855 2785 970 2842 habebit
988 2787 1139 2856 seientiam,

233 2869 359 2940 quamvis
389 2888 450 2926 eam
480 2871 593 2942 publice
624 2871 653 2926 in
684 2869 827 2926 hommum
851 2871 1060 2927 conversatione
1084 2889 1141 2926 non

199 2957 215 3010 8
232 2955 368 3009 ostendat
404 2959 472 3012 Bos.
502 2957 565 3013 Eoo
582 2957 611 3012 in
631 2955 732 3012 maiori
750 2963 842 3012 aetate
861 2957 902 3012 ita
918 2957 1042 3026 videtin,
1067 2957 1151 3012 sieut·

232 3039 316 3110 diois3
334 3039 384 3095 sed
401 3040 430 3095 in
446 3041 578 3112 infantia,
603 3041 675 3098 sient
697 3057 753 3096 nen
781 3041 836 3096 erit
857 3047 967 3113 tempus
987 3058 1141 3114 congraum

231 3132 264 3183 ut
280 3126 310 3180 in
326 3125 375 3182 iilo
394 3135 529 3196 appareat
553 3127 710 3198 sapientia,
728 3126 768 3182 ita
791 3144 847 3187 non
872 3128 926 3184 erit
942 3144 1014 3198 opus.
1031 3134 1061 3182 et
1076 3127 1151 3186 ideo¹

198 3217 213 3268 9
230 3229 283 3268 nec
301 3227 453 3284 congruum
471 3218 503 3266 ut
520 3212 597 3267 illam
613 3213 725 3270 habeat.
760 3214 830 3268 Am.
858 3212 957 3269 Nonne
977 3213 1048 3284 dixi,
1072 3212 1141 3286 quia

231 3297 369 3367 sapienter
395 3295 445 3352 fiet
468 3296 518 3351 illa
540 3297 714 3356 incarnatio?
750 3295 895 3368 Sapienter
917 3315 1037 3370 namque
1062 3287 1151 3354 assu-⁴

230 3389 287 3439 met
302 3383 380 3440 Dens
398 3373 609 3452 mortalitatem,
628 3400 684 3454 qua
704 3381 855 3454 sapienter,
877 3382 944 3456 quia
961 3384 1045 3440 valde
1061 3383 1136 3438 utili-
