2640 3816
440 278 517 346 eUR
535 287 638 347 Deus
653 289 771 348 Hosto.
805 289 844 350 11
866 295 906 350 ti.
1087 297 1129 364 83

227 457 392 514 necessitete
416 464 556 514 «astute.
600 459 664 515 Huc
694 460 820 531 sequenti
850 467 879 518 et
905 462 974 518 nihil
999 465 1131 524 efficienti
1147 469 1179 522 27

226 542 406 612 necessitate,
435 543 565 615 quonium
589 561 660 599 'vera
685 543 740 598 fuit
764 543 833 602 fides
858 547 903 602 vel
925 549 1072 620 prophetia
1095 553 1130 609 de

227 625 346 697 Christo,
366 629 434 699 quia
450 645 492 684 ex
508 629 652 686 voluntate
675 647 730 686 non
748 647 782 686 ex
799 631 964 688 necessitate
982 633 1144 692 moriturus·
1204 632 1206 638 ’

225 716 292 781 oret,
312 729 424 769 necessa
441 714 495 768 tuit
512 714 600 769 uteie
619 720 704 784 esset3
721 715 774 771 hec
790 717 872 774 hor'no
892 717 983 774 factus
1001 724 1057 782 est3
1077 720 1145 777 hac·

225 795 292 852 iecit
308 804 336 853 et
353 815 452 870 passus
470 805 513 854 est
529 796 665 872 quidquid
683 799 796 856 feritet
814 819 914 873 passus
932 810 990 875 est3
1012 805 1065 860 isac
1081 821 1129 861 vo·

225 881 278 936 luit
299 899 480 956 quaecunque
504 885 599 940 voluit
634 884 702 941 Ideo
727 885 800 940 enirn
827 889 992 946 necessitate
1016 889 1129 948 fuenmt
1146 895 1178 950 28

224 968 292 1039 quie
308 968 404 1024 future
429 976 520 1040 erant,
544 975 573 1026 et
594 969 690 1026 futura
706 977 787 1026 erant
804 972 871 1043 quia
889 973 1014 1046 inurunt,
1039 981 1068 1032 et
1085 975 1128 1031 iu·

224 1060 304 1109 erunt
320 1055 387 1125 quia
404 1055 529 1126 fuemnt3
550 1056 621 1112 etsi
638 1056 681 1110 vie
698 1057 819 1110 omnium
836 1075 908 1128 quae
925 1059 993 1116 fecit
1009 1065 1039 1115 et
1055 1077 1127 1133 quae

222 1149 322 1208 passus
357 1147 414 1210 est,
455 1155 558 1195 veram·
584 1141 655 1196 scire
689 1141 897 1213 necessitatem,
932 1144 1000 1200 scito
1034 1146 1128 1201 omniu
1145 1177 1171 1186 -r

223 1237 257 1276 ex
275 1225 439 1281 necessitate
455 1225 555 1291 fuisse,
575 1226 641 1297 quia
658 1226 719 1297 ipse
734 1226 832 1282 voluit.
866 1228 1046 1284 Voluntatem
1061 1245 1126 1284 vero
1143 1231 1177 1284 29

222 1307 293 1361 eius·
310 1307 388 1364 nulla
414 1311 565 1382 praecessit
589 1311 747 1367 necessitas.
785 1310 876 1377 Quare
902 1313 929 1368 si
943 1328 998 1368 non
1012 1313 1127 1369 ¹fuerunt

222 1393 276 1448 uisi
293 1395 360 1466 quia
375 1395 437 1466 ipse
453 1397 551 1466 voluit,
578 1397 602 1451 si
621 1413 677 1452 non
694 1397 826 1454 voluisset
844 1392 900 1456 non
917 1397 1042 1454 fnisaent.
1078 1398 1127 1456 Sic

221 1478 315 1551 itaque
338 1498 419 1536 nemo
441 1482 507 1538 tulit
531 1481 652 1536 enimam
672 1483 785 1539 eiusab
804 1485 866 1556 illo,
890 1484 940 1539 sed
956 1484 1017 1555 ipse
1033 1485 1126 1556 posuit

222 1581 282 1620 eam
299 1571 328 1620 et
349 1567 449 1622 iterum
473 1567 572 1622 sumsit
592 1583 667 1636 eam;
694 1568 760 1638 quia
779 1573 945 1638 potestatem
961 1568 1060 1624 habuit
1076 1587 1125 1640 po·
1147 1627 1149 1629 .

220 1650 305 1705 nendi
322 1651 443 1706 animem
460 1669 538 1707 suam
557 1655 702 1709 etiterum
726 1653 855 1708 sumendi
868 1669 953 1723 seam,
975 1654 1048 1708 sicut
1065 1654 1124 1724 ipse
1168 1695 1171 1702 .

222 1735 298 1790 dixit
307 1739 327 1804 ¹)
364 1739 432 1792 Bor.
463 1737 628 1793 satisfecisti
644 1737 723 1806 mihi,
745 1737 824 1792 illum
841 1755 897 1793 non
914 1755 996 1809 posse
1012 1738 1124 1808 probari
1142 1741 1175 1793 30

220 1821 279 1878 ulla
304 1821 468 1879 necessitate
492 1829 608 1879 mortem
629 1823 764 1892 subiisse3
787 1840 839 1879 neo
864 1841 908 1879 mc
931 1824 1070 1895 poenitet,
1092 1830 1124 1879 ut
1167 1865 1170 1874 .

217 1907 272 1963 iroc
298 1907 404 1966 faceres
429 1908 616 1980 importunum
641 1908 694 1964 tibi
723 1908 853 1965 extitisse.
889 1911 959 1964 Aue.
995 1903 1122 1963 Ostendi·
1141 1901 1174 1964 31'

220 2011 289 2064 mus,
312 2000 345 2048 ut
359 2000 441 2066 puto,
469 1995 574 2050 certem
596 1994 744 2063 rationem,
771 1994 908 2064 quomodo
925 1993 1001 2048 Deus
1019 2009 1124 2048 assum-

220 2081 286 2135 se'rit
308 2080 446 2136 hominem
470 2081 529 2135 sine
554 2085 671 2152 peccato
697 2080 733 2134 de
759 2095 851 2134 massa
877 2078 1047 2150 permutem
1074 2078 1124 2133 sod

219 2180 395 2238 nequequam
417 2166 577 2238 negandum
598 2165 714 2220 aestimo
736 2165 819 2220 aliam
838 2180 897 2221 esse
913 2169 1024 2234 praeter
1040 2165 1143 2219 istum·

219 2265 302 2319 quam
328 2250 459 2320 diximus,
488 2235 603 2322 excepto
629 2250 682 2305 hoc
711 2251 777 2322 quia
802 2251 880 2305 Deus
905 2250 998 2304 iacere
1022 2255 1123 2320 potest,

219 2335 294 2404 quod
318 2335 436 2390 hominis
460 2335 531 2390 ratio
553 2335 784 2406 comprehendere
804 2340 977 2405 nonpotest.
1017 2334 1121 2390 Verum
1139 2338 1172 2390 32

220 2418 350 2489 quonium
367 2425 396 2474 et
413 2420 468 2476 iste
483 2418 551 2473 mihi
569 2418 679 2473 videtur
695 2437 777 2492 posse
794 2420 932 2486 sufficere,
951 2422 979 2473 et
997 2417 1021 2470 si
1038 2417 1121 2471 aliam

220 2521 293 2558 nunc
311 2504 450 2575 inquirere
474 2503 574 2559 vellem
601 2519 714 2560 necesse
741 2511 814 2560 esset
843 2501 1023 2574 investigare,
1054 2502 1121 2573 quid

219 2588 256 2643 sit
280 2589 413 2660 originale
437 2595 583 2661 peccatum
606 2595 635 2643 et
650 2591 787 2661 quomodo
810 2606 828 2644 a
846 2588 942 2660 primis
957 2587 1121 2659 perentibus

217 2673 247 2728 in
262 2675 420 2730 universum
438 2692 525 2746 genus
536 2675 687 2728 humanum
705 2681 815 2746 praeter
831 2675 919 2744 illum,
936 2674 971 2730 dc
989 2689 1044 2746 quo
1062 2675 1119 2746 agi·

164 2757 167 2766 ’
217 2777 292 2830 mus,
322 2760 459 2816 hominem
491 2761 678 2830 diffundatur3
714 2768 743 2816 et
773 2760 894 2816 incidere
925 2760 954 2814 in
985 2760 1119 2832 quasdam
1206 2762 1209 2768 '
1263 2805 1268 2814 .

217 2845 287 2902 alies
311 2844 485 2916 quaestiones
508 2863 579 2918 quae
602 2863 684 2920 suurn¹
711 2845 854 2917 postulant
881 2849 1045 2913 tractatum
1077 2861 1118 2914 ea,

218 2949 301 3004 quam
319 2930 444 2999 diximus,
463 2931 569 2986 ratione
586 2931 708 2986 contenti
726 2946 797 3001 quae
817 2930 852 2984 de
869 2929 995 3000 incoepto
1012 2933 1118 2984 restant

216 3035 299 3088 opere
315 3030 521 3087 prosequamur.
559 3018 628 3070 Boe.
657 3017 698 3072 Ut
720 3015 778 3084 vis3
801 3013 851 3068 sed
875 3029 907 3067 eo
922 3020 1019 3086 pacto,
1038 3017 1070 3065 ut
1085 3017 1117 3065 tu
1134 3017 1166 3068 33

215 3101 365 3173 aliquando
390 3101 539 3155 auxiliante
563 3101 624 3156 Deo
647 3100 723 3154 illam
751 3100 833 3153 aliam
862 3099 1006 3166 rationem,
1033 3109 1116 3166 quam

216 3203 290 3241 nunc
317 3186 454 3258 inquirere
487 3185 571 3256 vitas,
608 3185 687 3258 quasi
719 3185 841 3241 debitum
865 3185 995 3240 exsolvas.
1043 3182 1114 3236 Ace.
1133 3188 1167 3239 34

285 3340 309 3406 1)
328 3339 383 3396 cfr.
402 3340 496 3395 Ioann.
518 3345 558 3410 10,
578 3345 616 3396 ss.
691 3385 692 3388 a
949 3421 965 3456 *

927 3428 942 3478 o
