2640 3816
238 325 286 393 ‘90
328 355 332 378 ,
425 319 966 379 a.susnmuonurusnmus1a

242 491 482 567 participationem
500 490 688 546 accedendum
704 493 739 545 'ct
761 490 898 562 quemodo
915 491 968 574 sub
986 491 1035 546 illa
1051 486 1145 548 viven-

243 577 324 647 dum,
348 594 397 632 nos
422 575 527 647 ubique
546 591 626 630 sacra
643 575 781 646 scriptura
798 577 891 646 docet,
913 593 985 647 quae
1002 593 1085 647 super
1101 593 1145 632 so·

243 663 329 718 lidam
346 660 506 731 veneten,
529 677 613 732 quam
638 660 788 716 adiuvante
806 661 867 716 Deo
891 661 1066 734 aliquatenus
1082 679 1145 734 per·

243 749 392 819 speximus,
410 747 487 802 velut
505 763 588 816 super
598 745 708 802 firmum
718 747 929 802 fundamentum
942 746 1059 803 fundata
1069 749 1145 814 cst1)

194 835 225 886 15
243 836 312 888 Bor.
330 834 404 890 Vere
421 830 558 903 quidquid
576 850 660 903 super
674 826 886 887 ¹fundamentum
903 832 957 887 hoc
973 831 1144 902 aedificatur,

193 920 225 974 16
243 936 326 990 super
341 917 449 971 firmem
466 923 575 986 petram
593 917 734 973 fundabit.
756 919 839 972 -Ana
866 915 940 971 Puto
958 935 1002 972 me
1019 912 1146 989 aliquan·

241 1005 331 1059 tulum
349 1001 405 1056 iam
421 1007 486 1056 tuae
508 998 673 1056 satisfecisse
689 1001 855 1075 quaestioni,
874 1003 1000 1072 quamvis
1019 1001 1073 1057 hoc
1090 1017 1146 1058 me-

242 1088 295 1143 lior
313 1103 357 1142 me
376 1085 469 1142 iacere
493 1085 603 1156 plenius
619 1087 724 1157 possit,
751 1094 779 1143 et
803 1087 920 1142 maiores
946 1092 1030 1158 atque
1051 1087 1145 1159 plures

242 1189 327 1246 qnam
351 1188 443 1227 meum
466 1176 516 1226 aut
538 1172 654 1228 mortale
679 1172 822 1243 ingenium
848 1171 1081 1242 comprehendere
1097 1189 1144 1236 va-

182 1254 224 1306 '17
241 1259 312 1326 leat,
340 1257 423 1312 huius
448 1254 489 1311 rei
512 1256 569 1311 sint
590 1251 720 1313 rationes.
751 1258 850 1313 Palam
880 1257 965 1313 etiam
992 1263 1048 1327 est,
1078 1257 1145 1329 quia

240 1343 326 1414 Deus,
343 1349 376 1398 ut
393 1343 446 1398 hoc
459 1341 568 1397 ¹fuceret
582 1343 656 1414 quod
667 1342 794 1413 diximus,
813 1343 971 1399 nullatenus
983 1343 1145 1414 indigebat,

241 1429 291 1486 sed
320 1429 360 1484 ita
389 1429 491 1484 veritas
518 1428 696 1484 immutabilis
723 1428 868 1500 exigebat3
896 1428 963 1484 licet
991 1427 1066 1482 enim
1092 1429 1146 1484 hoc

242 1514 316 1588 quod
334 1514 417 1568 homo
445 1512 493 1568 ille
514 1512 593 1582 lecit,
615 1513 701 1568 Deus-
714 1514 824 1569 dicatur
839 1513 938 1569 fecisse
955 1519 1068 1584 propter
1084 1513 1146 1568 uni·

241 1605 328 1655 tatem
353 1615 501 1670 personae,
528 1599 606 1654 Deus
632 1603 726 1654 umen
748 1618 804 1657 non
826 1598 929 1671 egebat
943 1589 986 1654 ¹ut
1008 1598 1044 1655 de
1066 1599 1145 1656 coelo

242 1685 421 1740 descenderet
438 1684 475 1738 ad
497 1684 665 1740 vincendum
692 1682 845 1753 diabolum,
869 1701 960 1756 neque
982 1691 1015 1741 ut
1037 1702 1088 1756 per
1103 1685 1146 1740 iu-

241 1769 346 1825 stitiam
371 1775 467 1842 ageret
493 1775 592 1825 contre
615 1759 696 1823 illum
725 1768 762 1823 ad
787 1767 962 1824 liberandum
992 1770 1145 1841 hominem

241 1855 290 1910 sed
308 1854 344 1910 ab
362 1855 473 1910 homine
492 1855 570 1910 Deus
596 1852 738 1926 exigebat,
764 1859 797 1908 nt
821 1853 962 1909 diabolum
978 1855 1101 1911 rinomet
1117 1861 1146 1911 et

242 1942 290 2012 qui
306 1957 357 2013 per
378 1945 526 2010 peccatum
542 1939 635 1992 Deum
653 1937 820 2008 offenderat,
845 1955 896 2009 per
911 1939 1046 1996 iustitiam
1064 1939 1146 1994 satis·

193 2031 224 2084 18
241 2027 332 2082 faciat
370 2025 512 2097 Siquidem
523 2022 641 2095 ,diabolo
665 2039 716 2078 nec
734 2023 812 2078 Deus
830 2024 937 2095 aliquid
954 2024 1074 2081 debebat
1089 2025 1145 2080 nisi
1196 2077 1198 2081 s
1310 2047 1313 2106 ξ

241 2127 372 2183 poenam,
396 2127 448 2164 neo
470 2107 552 2162 homo
575 2106 629 2159 nisi
653 2107 757 2176 vicem,
781 2112 814 2174 ut
837 2108 939 2164 abillo
957 2110 1047 2165 victum
1065 2110 1145 2165 illum

241 2196 404 2262 revinceret;
434 2193 483 2248 sed
502 2191 644 2264 .quidquid
668 2191 705 2247 ab
732 2192 780 2247 illo
809 2192 984 2264 exigebatur,
1011 2191 1065 2248 hoe
1083 2191 1145 2248 Deo

243 2279 363 2336 debebat
378 2294 434 2334 non
453 2277 573 2334 diabolo.
700 2293 702 2298 ’

211 2485 223 2534 1
319 2451 389 2542 20.
414 2547 416 2552 Ι
439 2484 517 2555 Απε.1
546 2481 764 2538 Misericordiam
780 2501 845 2540 vero
863 2483 918 2540 Dei
936 2499 1008 2556 quae
1024 2481 1077 2539 tibi
1096 2500 1144 2555 pe·

108 2582 112 2588 ’
242 2572 297 2626 rire
317 2570 474 2638 ridebatur,
499 2584 563 2622 cum
585 2567 719 2622 iustitiam
735 2568 791 2624 Dei
811 2574 843 2628 et
862 2575 1007 2639 peccatum
1026 2567 1144 2623 hominia

242 2652 498 2721 considerabamus,
522 2657 579 2706 tam
602 2669 733 2724 magnam
753 2658 866 2724 tamque
887 2654 1050 2710 concordem
1065 2653 1143 2708 iusti·

209 2738 298 2794 2tiae
321 2738 492 2807 invenimus,
516 2743 550 2791 nt
573 2753 624 2792 nee
646 2736 734 2791 maior
757 2754 810 2792 nec
830 2737 927 2794 iustior
947 2738 1064 2810 cogitari
1080 2755 1144 2809 pos·

238 2823 287 2878 sit.
317 2823 425 2894 Nempe
442 2823 511 2897 quid
526 2822 727 2886 misericordius
747 2821 867 2895 intelligi
883 2824 968 2892 valet,
985 2839 1144 2896 quamcum

242 2909 382 2980 peccatori
407 2907 550 2966 tormentis
576 2907 694 2963 aeternis
723 2909 853 2964 damnato
878 2915 906 2965 et
927 2909 1003 2966 unde
1026 2926 1055 2965 se
1073 2907 1146 2963 redi·

242 3102 267 3152 2.
283 3094 453 3170 [„Peccatori
461 3097 539 3154 Deus
549 3096 635 3177 Pater
650 3094 729 3151 dicit:
748 3097 844 3165 accipe
854 3096 1038 3170 Unigenitum
1051 3099 1143 3152 mcum

242 3173 271 3221 et
288 3167 329 3222 da
348 3180 399 3236 pro
416 3167 531 3246 teeti
552 3183 582 3220 se
600 3165 703 3221 Filius:
727 3165 794 3219 tolle
810 3181 854 3237 me
872 3173 901 3222 et
918 3166 1024 3246 redime
1044 3166 1090 3220 te“

280 3305 283 3310 ἱ
314 3235 340 3303 1)
365 3232 422 3289 cn.
442 3205 505 3289 lab.
528 3185 552 3291 l).
574 3251 599 3288 c.
620 3239 659 3304 18,
682 3239 720 3315 -313
747 3240 776 3289 et
801 3250 882 3315 quae
901 3234 941 3290 ib}
966 3247 1000 3288 ex
1023 3233 1057 3314 S..
1108 3300 1114 3313 α
1137 3273 1144 3288 .

241 3303 339 3426 mli
360 3301 515 3428 dsttffhongi.f
528 3307 599 3428 {at
624 3319 649 3359 c.
674 3302 723 3360 hb.
749 3302 845 3359 arbrtr.
874 3307 903 3358 et
928 3301 1059 3359 Esdmen
1086 3301 1145 3358 bro·

241 3389 312 3444 grap
331 3389 359 3428 ra
512 3389 531 3428 a
