2640 3816
458 311 678 368 PRAEFATIO
697 311 885 368 burnonis.
1125 313 1156 356 ¹¹

195 485 322 552 illorum
346 483 386 550 da
401 492 535 552 satanae
550 485 682 550 sabaeis
696 483 966 569 disputationibus
980 482 1157 550 involutam

196 571 338 656 mythice
364 578 495 636 exueret
516 570 626 636 forma.
675 569 833 654 Accessit,
862 567 948 650 quod
973 574 1063 634 tuuc
1078 576 1156 634 tem-

194 657 282 740 poris
306 655 387 721 haec
412 655 526 721 eadem
555 656 595 720 de
626 655 750 720 ratione
778 654 908 720 divinae
929 652 1157 721 incarnationis

195 739 299 824 deque
319 740 446 806 interna
467 741 550 805 inter
571 747 705 805 mortem
725 737 845 804 Christi
863 737 1035 820 mundique
1056 738 1158 807 vitam

195 825 393 892 connexione
425 826 571 910 quaestio
602 827 772 890 multorum
800 822 943 888 fidelium
970 843 1034 888 non
1054 823 1157 889 solnm

195 911 392 985 literatorum
416 917 449 976 et
477 910 664 975 clericorum
686 908 744 974 sed
764 909 862 974 etiam
881 909 1103 975 illiteratorum
1125 911 1157 974 et

194 996 347 1062 laicorum
376 996 546 1080 occupavit
575 995 707 1059 animos.
749 995 853 1059 Fuere
878 994 1078 1079 potissimum
1102 993 1158 1076 qui

194 1079 392 1164 dubitarent,
416 1100 465 1162 ¹an
493 1079 647 1146 redemtio
675 1080 745 1144 sola
772 1080 937 1145 voluntate
957 1079 1087 1144 iussuve
1110 1077 1156 1144 di*
1227 1101 1230 1112 ·

194 1167 270 1231 vino
299 1172 354 1230 aut
383 1186 442 1250 per
470 1165 569 1229 aliam
599 1183 695 1248 quam
724 1183 782 1248 per
810 1163 874 1228 Dei
899 1183 1071 1248 personam
1098 1183 1157 1228 seu

194 1251 375 1334 angelicam
417 1270 475 1316 seu
517 1249 688 1314 humanam
730 1248 799 1314 fieri
841 1249 995 1333 potuerit;
1040 1247 1157 1330 quique

195 1335 424 1402 obiectionibus
463 1333 639 1400 infidelium
675 1333 913 1417 simmicitatem
949 1333 1157 1404 christianam

164 1487 166 1491 .
194 1421 287 1503 quasi
318 1419 439 1486 fatuam
470 1419 616 1485 deridere
648 1439 687 1484 ac
718 1418 984 1484 contradictiones
1014 1417 1048 1482 in
1076 1417 1157 1484 chri·

194 1505 300 1570 stiana
326 1505 389 1570 fide
411 1505 523 1571 obvias
546 1512 734 1587 arroganter
755 1504 902 1568 ementiri
923 1504 1088 1570 solitorum
1109 1523 1157 1568 re·

195 1589 391 1674 darguendis
424 1600 456 1656 et
488 1589 673 1655 refellendis
702 1609 737 1654 se
766 1595 980 1672 agnoscerent
1007 1589 1156 1672 impares.

194 1675 274 1740 Inde
293 1676 415 1740 factum
441 1681 505 1758 est,
535 1681 571 1738 ut
600 1693 699 1758 saepe
722 1673 753 1737 S.
777 1673 922 1738 Anselmi
945 1673 980 1738 in
1000 1673 1156 1739 similibus

195 1759 441 1842 cogitationibus
464 1758 561 1823 defixi
582 1759 793 1840 exquirerent
809 1759 976 1823 consilium
997 1758 1038 1822 ab
1055 1775 1157 1840 eoque

194 1845 292 1910 eximi
313 1845 347 1909 in
375 1845 489 1929 quibus
514 1843 687 1908 haeserunt
717 1843 756 1908 de
780 1842 963 1926 perdifficili
983 1841 1040 1906 illa
1061 1861 1157 1926 quae·

194 1930 297 1995 stione
329 1930 494 2014 scrupulos
527 1927 670 2001 studiose
704 1933 866 2013 peterent3
899 1948 959 1994 neo
988 1926 1158 1994 defuerunt

193 2015 248 2098 qui
276 2021 312 2080 ut
339 2015 452 2080 harum
477 2013 730 2098 disputationum
761 2033 919 2080 summam
953 2012 1157 2095 consignaret

193 2100 332 2184 literis,
353 2101 447 2164 enixe
490 2105 642 2181 rogarent
684 2098 761 2164 fidei
795 2097 959 2164 intellectu
996 2096 1156 2163 delectati.

193 2185 285 2250 Haec
319 2184 429 2268 itaque
466 2185 572 2248 omnia
607 2183 764 2248 dederunt
800 2190 908 2249 nostro
948 2202 1046 2248 ansas
1084 2203 1156 2248 con·
1226 2193 1230 2198 '

194 2269 323 2335 finiendi
363 2275 533 2334 tractatum
566 2268 652 2352 „Gur
683 2269 771 2334 Deus
800 2266 922 2334 Homo“
958 2267 1156 2351 inscriptum,

195 2374 289 2437 quem
311 2374 351 2418 ne
372 2353 513 2418 differret
537 2353 699 2436 evulgare,
722 2353 805 2418 inter
820 2354 900 2418 alios
915 2353 1055 2417 maxime
1072 2352 1156 2416 Boso

193 2439 368 2504 Monachus
382 2437 406 2525 l)
429 2437 587 2521 flagitavit
608 2444 640 2502 et
660 2436 853 2523 impetravit.

193 2567 611 2592 ——..‚-t..-..--...--
641 2575 646 2604 p

266 2640 289 2703 1)
320 2637 390 2692 Cum
417 2653 471 2718 quo
499 2637 525 2693 S.
552 2639 702 2712 Anselmus
730 2639 784 2694 fuit
808 2639 972 2692 coniunctus
1003 2637 1155 2691 archesimo

193 2705 367 2778 paternitatis
391 2707 542 2776 spiritualis
568 2708 686 2765 vinculo.
722 2709 778 2764 cfr.
798 2709 962 2762 Eodmcras
979 2707 1023 2761 De
1041 2705 1108 2762 Vita
1128 2705 1156 2761 S.

194 2776 228 2829 A.
249 2783 270 2844 1,
294 2783 338 2830 12:
364 2807 414 2844 „—-
426 2775 540 2846 quidam
558 2778 678 2832 Clericus
699 2782 791 2832 aetate
810 2777 925 2844 iuvenis,
943 2776 1017 2829 Bosc
1036 2775 1154 2844 nomine,

194 2845 315 2900 Beccum
345 2844 428 2900 venit
457 2845 577 2901 Abbatis
609 2847 776 2916 colloquium
803 2852 941 2916 expetens.
984 2845 1053 2899 Erat
1083 2843 1157 2898 enim

195 2915 270 2968 idem
288 2931 351 2968 acer
369 2911 482 2994 ingenio
504 2921 532 2968 et
550 2914 717 2984 quibusdam
734 2915 872 2985 perplexis
889 2914 1097 2985 quaestionibus
1115 2913 1156 2966 in-

192 2983 318 3037 volverat
344 2999 478 3049 ammum,
503 2999 555 3036 nec
577 2984 698 3052 reperire
723 2999 889 3065 quemquam
915 2989 1024 3053 poterat
1041 2981 1089 3104 qui
1110 2997 1156 3034 eas

98 3071 100 3076 ·
195 3051 248 3107 sibi
266 3052 302 3106 ad
321 3059 417 3105 votum
441 3052 587 3106 evolveret.
622 3051 752 3124 Loquens
780 3053 865 3124 igitur
890 3069 955 3106 curn
971 3052 1104 3105 Anserno
1122 3057 1175 3103 ac

193 3121 279 3174 nodos
304 3120 329 3174 ei
350 3121 394 3174 sui
412 3121 501 3174 cordis
520 3119 699 3189 depromens,
723 3124 816 3176 omnia
833 3137 905 3192 quae
926 3119 1103 3174 desiderabat
1120 3118 1156 3171 ab

195 3205 227 3243 eo
253 3189 312 3244 sine
339 3189 470 3259 scrupulo
497 3189 572 3243 disce
593 3189 705 3243 tationis
729 3191 845 3261 aceepit.
881 3188 998 3243 Miratus
1025 3203 1092 3258 ergo
1108 3186 1156 3239 ho·

194 3257 296 3311 minem
322 3265 365 3314 est
388 3265 417 3314 et
439 3258 524 3312 nimio
549 3207 624 3311 illius
649 3273 741 3314 amore
766 3258 920 3314 devinctus.
956 3256 1063 3310 Dehinc
1091 3271 1157 3324 ergo

195 3341 283 3396 quum
301 3328 362 3380 eius
379 3327 546 3382 allocutione
563 3326 737 3382 familiariter
753 3329 906 3398 potiretur„
916 3326 1025 3380 illectus
1043 3324 1080 3378 ad
1091 3339 1156 3378 eon·

195 3402 312 3450 temtum
331 3396 435 3451 saeculi
453 3411 564 3453 mense
580 3396 658 3452 brevi
677 3397 775 3468 spatio,
793 3395 877 3451 Becei
895 3393 1049 3448 Monachus
1065 3392 1157 3448 factus
