2640 3816
397 288 728 350 emmenum).
763 290 785 345 1.
808 295 848 347 ιο.
1035 286 1076 362 19

162 469 220 520 tem
236 460 406 531 tempiset
423 466 481 516 tam
498 460 605 516 utiliter
622 459 785 530 sustineret,
810 459 937 531 quamvis
954 477 1073 530 poenam

163 549 223 606 eius
242 565 299 602 non
322 553 441 614 amaret,
466 545 627 603 affirmetur.
662 546 727 604 Non
748 551 843 601 autem
866 545 991 618 potuisse
1008 545 1073 601 cali-
1094 542 1126 594 1¹¹

163 651 224 688 cem
250 634 368 688 transire
393 632 447 686 nisi
474 631 585 687 biberet
608 633 701 704 illum,
734 632 818 701 dixit,
844 649 900 688 uon
927 632 994 703 quia
1018 648 1075 687 non

162 726 259 790 posset
270 726 386 774 mortem
402 717 489 772 vitare
500 717 525 771 si
537 718 634 784 vellet3
652 718 854 788 sedquoniam,
874 716 947 771 sicut
967 716 1074 772 dictum

164 811 221 872 eut,
246 803 380 859 mundum
400 811 461 859 erat
480 803 651 874 impossibile
669 803 751 859 aliter
768 802 882 868 salvari3
906 801 1012 873 etipse
1031 801 1073 855 in·

165 888 370 945 declinabiliter
388 888 499 944 volebat
516 890 609 959 potius
626 897 743 945 mortem
757 889 825 960 pati,
846 905 930 961 quam
944 894 979 943 ut
995 905 1073 942 mua·

165 973 217 1028 dus
236 991 294 1028 non
312 975 474 1030 salvaretur.
509 974 619 1029 Idcirco
640 981 733 1030 eutem
751 974 821 1029 dixit
844 974 931 1030 verba
954 973 1017 1043 illa,
1042 978 1075 1029 ut
1092 964 1123 1015 ¹5

164 1059 278 1116 doceret
307 1059 457 1115 humanum
493 1071 582 1131 genus
619 1060 700 1117 uliter
729 1078 785 1116 non
816 1059 940 1132 potuisse
970 1059 1072 1115 salvari

166 1161 252 1215 quam
272 1163 323 1215 per
340 1153 456 1200 mortem
477 1163 572 1215 auam;
596 1163 652 1200 non
674 1149 707 1200 ut
731 1145 889 1201 ostenderet
910 1163 940 1200 se
957 1151 1073 1202 nortem

165 1247 344 1302 nequaquam
369 1232 491 1286 valuisse
515 1232 612 1287 vitare.
657 1231 730 1286 Nam
755 1247 940 1302 quaecunque
964 1231 999 1286 de
1025 1231 1075 1284 illo
1094 1221 1126 1273 1⁶

166 1313 298 1370 dicuutur
314 1316 358 1371 his
375 1333 448 1388 quae
468 1316 544 1371 dicta
561 1322 627 1370 sunt
645 1314 752 1385 similia,
772 1316 812 1370 sic
826 1323 893 1372 sunt
904 1315 1074 1387 exponenda,

165 1405 199 1454 ut
221 1400 299 1454 nulla
322 1402 487 1457 necessitate
513 1403 564 1456 sed
588 1401 676 1456 libera
701 1401 843 1458 voluntate
865 1408 991 1457 mortuus
1018 1418 1075 1457 cro·

166 1484 257 1540 datur.
288 1486 359 1543 Erat
374 1505 495 1558 namque
513 1487 696 1556 omnipotens,
714 1495 743 1542 et
761 1487 795 1544 de
814 1488 862 1543 illo
879 1487 989 1559 legitur.
1008 1504 1076 1558 quo·
1095 1481 1125 1532 1⁷

165 1569 243 1625 niam
272 1573 382 1626 oblator
410 1583 463 1644 eet,
495 1575 563 1644 qaia
591 1574 652 1642 ipra
679 1573 773 1628 voluit.
782 1575 801 1641 ¹)
840 1573 879 1627 Et
905 1574 965 1644 ipse
992 1572 1076 1628 dicit:

168 1656 233 1724 [ρο
248 1673 326 1726 pono
346 1661 471 1712 animam
492 1677 591 1720 meam,
610 1666 641 1711 ut
658 1659 757 1711 iterum
774 1675 882 1712 tamem
899 1677 978 1723 earm
995 1676 1075 1712 nemo

168 1740 243 1795 tollit
262 1759 323 1796 eam
342 1761 361 1796 a
382 1761 432 1806 mo,
449 1747 502 1798 sed
519 1761 568 1811 eye
585 1760 662 1813 pono
681 1759 743 1796 eam
759 1761 777 1796 a
796 1759 837 1796 mc
856 1744 926 1812 ipro.
950 1745 1076 1797 Potesta-

166 1833 221 1880 tem
244 1828 332 1882 babeo
356 1831 485 1897 ponendi
507 1830 631 1884 animam
656 1845 746 1881 meam
772 1836 798 1882 et
823 1829 922 1882 iterum
948 1828 1079 1882 sumendi

168 1929 238 1966 cam.
246 1915 269 1981 ²)
305 1913 388 1977 Quod
409 1931 475 1986 ergo
500 1914 574 1970 idem
596 1914 656 1984 ipse
681 1931 732 1968 sua
755 1918 893 1985 potestate
914 1919 943 1968 et
961 1930 1013 1968 sua
1031 1931 1077 1969 vo·
1098 1911 1127 1962 1⁸

167 1996 276 2057 luntate
298 1998 383 2068 facit,
405 1999 565 2056 nullatenus
592 1999 702 2055 adhoc
726 1999 789 2072 cogi
807 2006 883 2056 recte
901 1993 957 2054 dici
974 2005 1074 2071 potest.

168 2083 238 2138 Boc.
270 2083 333 2139 Hoc
351 2085 454 2154 solum,
471 2085 538 2157 quia
557 2085 695 2156 permittit
713 2085 790 2141 Deus
808 2086 888 2140 illum
905 2085 945 2140 sic
963 2085 1077 2140 tractari
1096 2082 1128 2134 19

169 2170 295 2239 quamvis
318 2171 472 2239 volentem,
497 2186 553 2224 non
574 2170 685 2227 videtur
708 2172 759 2227 tali
778 2171 857 2226 Patri
883 2171 918 2226 de
935 2170 986 2225 tali
1003 2170 1076 2224 Filio

169 2255 325 2310 convenire.
360 2259 429 2310 Aur.
465 2256 525 2310 Imo
549 2255 667 2312 maxime
693 2257 774 2312 decet
794 2257 879 2312 talem
897 2256 1011 2310 Patrem
1027 2254 1078 2309 tali
1095 2256 1128 2305 20

160 2335 243 2391 -Filio
267 2340 434 2406 consentire,
459 2340 483 2394 si
508 2341 576 2411 quid
595 2343 657 2397 vult
684 2342 864 2398 laudabiliter
889 2342 926 2396 ad
947 2339 1078 2395 honorem

169 2421 225 2476 Dei
245 2428 274 2477 ct
290 2423 395 2479 utiliter
412 2425 449 2480 ad
467 2427 585 2480 salutem
604 2425 755 2495 hominum,
772 2443 844 2497 quae
861 2427 942 2482 aliter
953 2424 1012 2480 fieri
1024 2441 1079 2478 non

171 2507 271 2578 potuit
306 2511 374 2563 Boc.
403 2510 438 2566 In
455 2511 508 2567 hoc
527 2511 618 2565 adhuc
635 2527 785 2581 versamur,
803 2511 922 2582 quuhter
941 2527 1013 2564 mors
1030 2508 1080 2563 illa
1097 2516 1127 2566 21

170 2593 344 2648 rationabilis
369 2601 397 2649 ot
418 2597 573 2652 necessarie
596 2595 743 2650 monstrari
765 2596 861 2667 possit.
897 2587 987 2650 Aliter
1003 2610 1079 2648 nam-

171 2695 226 2748 que
249 2696 301 2735 nec
326 2678 387 2749 ipse
412 2680 500 2736 Filius
525 2699 587 2736 eam
610 2681 697 2750 velle,
723 2698 775 2736 nec
800 2681 887 2736 Pater
911 2697 1010 2752 cogere
1029 2683 1079 2734 aut

171 2763 331 2832 permittere
349 2762 478 2822 debuisse
495 2766 612 2822 videtur.
649 2766 797 2831 Quaeritur
822 2765 910 2835 enim,
935 2783 986 2822 cur
1001 2765 1078 2820 Deus
1096 2765 1128 2818 22

171 2847 252 2904 aliter
268 2848 408 2920 homiuem
429 2849 536 2905 salvare
563 2869 619 2906 uon
647 2852 751 2922 potuit,
778 2857 827 2906 aut
853 2851 877 2904 si
899 2849 1003 2921 potuit,
1028 2869 1078 2906 cur

245 3123 270 3188 1)
293 3121 338 3175 Ita
362 3121 448 3192 Vulg.
472 3120 592 3191 Interpr.
615 3120 701 3175 verba
721 3121 797 3191 apud
821 3120 939 3176 Ieaaiem
962 3119 1080 3190 prophe·

170 3193 276 3311 tffilitss.
301 3197 332 3244 53
357 3209 383 3244 V.
403 3196 416 3246 7
443 3189 540 3245 Obvia:
571 3208 649 3292 ῃξῌ
670 3210 746 3282 Nem}
765 3209 827 3294 ΡΒ).
849 3203 996 3261 perperam
1018 3189 1080 3242 red.

243 3341 561 3415 2)10ann.10,17.18.
606 3413 608 3418 Ι
909 3427 925 3460 e

439 3439 440 3446 ’
887 3431 903 3482 2
