2640 3816
214 285 258 350 30
397 281 425 338 S.
442 281 613 341 ausuum
632 281 938 340 OAN'IUARIENSIS

180 459 279 514 dnum
303 463 431 514 naturam
454 471 505 509 nnn
529 460 663 524 tempere
699 451 782 508 Unde
805 455 855 506 aut
877 449 1050 506 solummodo
1072 465 1125 506 nn·

113 607 116 612 ,
213 561 320 600 merum
346 543 469 599 nondum
495 540 634 610 integrum
656 535 813 609 perficeret,
841 543 892 592 aut
916 537 1000 592 stiam
1028 536 1123 590 simi-

213 615 360 699 nucretur,
389 627 554 682 restitueret.
607 622 636 680 Si
650 668 652 674 ,
668 628 762 677 autem
791 629 850 677 tnta
881 631 1009 678 uentura
1040 621 1123 676 simul

214 715 291 770 sacta
315 721 373 781 est,
397 719 426 769 et
449 710 507 766 dies
526 710 568 763 illi
584 709 613 762 in
637 707 738 778 quibua
758 712 869 778 Moyses
888 709 972 762 istum
989 699 1123 762 rnu'ndum

212 819 269 856 non
288 799 370 855 simul
387 797 492 852 factum
517 811 578 852 esse
601 793 712 848 videtur
728 793 835 859 dicere,
859 794 940 847 aliter
959 801 1024 846 sunt
1042 794 1121 849 iutel-

213 887 333 959 ligendi,
362 901 446 956 quam
469 883 542 938 sicut
563 880 689 934 videmus
713 879 780 932 istos
806 880 864 933 dies
885 879 915 932 iu
935 879 1036 950 quibus
1055 879 1123 935 vivi·

213 991 292 1027 mus:
318 971 475 1042 intelligere
497 982 619 1039 nequeo,
642 964 780 1036 quomodo
803 964 871 1018 facti
894 965 951 1020 sint
976 964 1070 1036 angeli
1093 964 1124 1019 in

181 1059 196 1108 t
214 1057 263 1112 illo
280 1057 405 1130 perfecto
423 1070 545 1110 numero.
575 1051 685 1121 Quippe
709 1051 732 1102 si
752 1050 792 1103 ita
808 1055 895 1116 esset,
920 1050 1031 1104 videtur
1049 1049 1124 1118 mihi,

215 1139 282 1214 quia
301 1159 335 1198 ex
352 1143 519 1198 necessitate
536 1143 586 1194 aut
609 1134 695 1203 aliqui
713 1134 837 1190 homines
858 1135 902 1190 vel
920 1136 1013 1206 angeli
1031 1134 1124 1189 casuri

216 1234 309 1297 mut,
334 1235 383 1282 aut
405 1229 500 1299 plnres
526 1231 618 1280 essent
643 1221 672 1274 in
693 1220 743 1274 illa
760 1221 873 1275 coelesti
891 1221 1017 1288 civitate,
1041 1238 1125 1292 quam

182 1313 264 1368 ailla
293 1313 410 1384 perfecti
446 1307 554 1362 numeri
588 1305 781 1361 convenientia
811 1305 942 1378 exigeret.
996 1306 1026 1362 Si
1055 1323 1121 1378 ergo

215 1397 309 1454 emnia
327 1397 410 1450 simul
427 1395 502 1449 saeta
521 1398 594 1456 sunt,
612 1390 800 1445 sie'videntur
819 1392 912 1462 angeli
927 1399 955 1448 et
972 1393 1027 1446 duo
1042 1391 1125 1462 primi

212 1480 340 1538 ¹homines
358 1479 387 1533 in
405 1495 518 1533 numero
545 1476 706 1545 imperfecte
725 1475 831 1546 fuisse,
856 1484 888 1531 ut
905 1474 1077 1544 hominibus,
1101 1476 1126 1530 si

215 1566 311 1622 nullus
334 1564 446 1619 caderet
468 1564 600 1636 angelus,
624 1561 698 1632 quod
715 1562 815 1638 deerat
832 1563 922 1618 solnm
939 1561 1125 1633 perficeretur,

216 1659 245 1708 et
263 1651 287 1706 si
306 1650 407 1721 aliquis
425 1649 533 1720 periret,
555 1649 607 1704 hcc
625 1663 735 1718 quoque
756 1645 831 1716 quod
853 1648 977 1716 caderet,
999 1647 1125 1702 restitue·

177 1789 180 1794 .
216 1741 307 1807 retur3
322 1743 350 1792 et
366 1734 483 1790 hominis
500 1741 600 1791 natura
620 1723 698 1804 quae¹
709 1731 842 1787 infirmior
856 1740 923 1803 erat,
942 1733 1021 1804 quasi
1034 1733 1125 1788 Deum

216 1828 361 1879 excusaret
379 1827 463 1890 atque
485 1820 626 1876 diabolum
644 1817 839 1887 confunderet,
864 1819 889 1872 si
916 1819 962 1873 ille
983 1835 1063 1872 suum
1081 1835 1125 1874 ea·

217 1925 278 1964 sum
296 1907 450 1962 infirmitati
474 1923 541 1960 suae
565 1906 729 1975 imputaret,
753 1919 816 1956 eum
841 1902 902 1974 ipsa
920 1903 1053 1960 infirmior
1070 1911 1124 1958 sta·

217 2001 276 2062 ret3
302 2008 336 2046 ac
363 1991 386 2046 si
407 1998 434 2046 et
451 1992 550 2045 eadem
575 1990 638 2058 ipsa
662 1989 788 2056 caderet,
812 1991 899 2045 multo
923 1991 1013 2062 magis
1032 1991 1126 2045 Deum

218 2075 380 2132 defenderet
409 2081 506 2129 contra
533 2073 675 2127 diabolum
702 2080 730 2127 et
756 2081 853 2130 contra
876 2093 906 2132 se
931 2077 1036 2146 ipsam,
1062 2091 1127 2129 cum

218 2159 281 2230 ipsa
297 2158 373 2214 facta
391 2158 472 2211 valde
491 2156 625 2212 infirmior
642 2161 670 2212 et
687 2159 810 2214 mortalis
832 2161 862 2215 in
880 2161 975 2218 electis
995 2162 1030 2216 de
1048 2165 1127 2215 tanta

218 2243 378 2302 infirminte
395 2247 473 2296 tanto
492 2243 575 2297 altius
595 2242 773 2314 ascenderet,
799 2261 883 2316 quam
906 2246 979 2300 unde
998 2245 1126 2300 diabolus

137 2385 139 2390 ,
219 2327 377 2396 cecidisset,
401 2334 505 2398 quanto
523 2326 591 2382 boni
611 2327 704 2399 angeli
725 2345 842 2398 quorum
863 2331 1019 2402 aequalitas
1037 2330 1062 2385 ei
1081 2330 1126 2385 de·

218 2412 315 2482 betur,
338 2411 517 2483 profecerunt
533 2419 596 2482 post
614 2415 721 2468 ruinam
742 2415 891 2483 malcrum,
918 2414 984 2486 quia
1001 2431 1126 2485 perseve-

186 2501 357 2556 9raverunt.
392 2499 435 2554 Ex
458 2498 502 2552 his
528 2499 682 2554 rationibus
704 2500 797 2569 potius
822 2501 890 2554 mihi
911 2501 1034 2564 videtur,
1061 2499 1127 2571 quia
1219 2552 1224 2560 Κ

219 2583 249 2638 in
268 2583 375 2655 angelis
393 2601 449 2638 non
469 2582 524 2637 fuit
549 2582 596 2638 illc
619 2585 759 2654 perlectus
785 2603 929 2655 numerus,
954 2605 1009 2658 quc
1029 2585 1127 2642 civitas

219 2668 269 2724 illa
293 2684 413 2738 superna
439 2665 630 2738 perficeretur3
658 2670 789 2741 quoniam
812 2669 836 2724 si
860 2669 941 2726 horno
962 2671 1044 2725 simul
1063 2686 1128 2725 eum

219 2754 326 2824 angelis
351 2752 443 2806 factus
469 2768 525 2806 non
549 2757 604 2823 est,
630 2753 670 2810 sic
693 2755 827 2826 possibile
845 2764 888 2811 est
906 2773 979 2825 essc3
1006 2762 1034 2811 et
1051 2755 1075 2809 si
1092 2755 1127 2809 si·

219 2839 279 2892 mul
304 2837 372 2892 facti
395 2842 474 2908 sunt,
500 2839 574 2909 quod
598 2840 687 2910 magis
704 2846 805 2910 putant
824 2842 917 2912 multi,
943 2842 1073 2912 quoniam
1090 2840 1128 2896 le·

220 2923 311 2994 gitur:
343 2924 394 2994 qui
417 2922 483 2976 vivit
511 2922 542 2974 ist
568 2931 723 2990 aeternum,
752 2927 856 2980 meavit
887 2927 980 2980 omnia
1005 2925 1127 2992 uimal,¹)

170 3014 202 3065 10
220 3007 330 3062 videtur
358 3023 471 3062 neeesse
501 3025 569 3062 esse.
615 3007 671 3063 Sed
700 3015 729 3064 et
757 3010 781 3064 si
810 3010 943 3082 perfectio
971 3009 1127 3064 mundanae

219 3099 363 3150 creaturae
387 3109 443 3148 nun
466 3099 576 3148 tanturn
601 3099 643 3148 est
666 3093 850 3168 intelligenda
872 3096 902 3149 in
926 3111 1040 3150 numero
1057 3093 1128 3148 indi·

219 3179 380 3250 viduorum,
407 3186 541 3251 quantum
567 3179 596 3233 in
621 3197 735 3236 numero
752 3182 930 3251 naturarum,
955 3196 1068 3236 necesse
1085 3184 1128 3236 est

292 3347 317 3412 1)
336 3343 522 3398 Ecclesiastic.
536 3337 583 3412 18,
605 3347 628 3398 1.
