2640 3816
3 207 5 240 i

3 327 6 358 1

3 393 5 416 1

213 277 268 349 511
395 279 426 340 S.
441 279 612 340 Ausum
630 281 940 342 CANTUARIENSIS

179 449 196 502 2
213 453 430 510 misericordium
446 452 541 508 faeere
557 469 615 508 uon
631 452 734 524 posse?
769 453 839 508 Aue.
862 451 927 510 Huc
946 451 1033 508 debes
1049 468 1128 510 nuno

177 555 181 568 ‘⁴
213 539 324 597 abillis
344 541 462 614 exigere,
482 539 544 611 (qui
556 537 699 594 christum
715 556 772 595 nou
789 556 851 595 esse
868 538 1125 595 eroduntueoessu·

212 626 285 682 rium
312 626 351 682 sd
371 625 449 680 illum
473 624 593 680 sulutem
614 623 745 693 hominis)
768 641 887 696 quorum
909 623 971 680 vioe
993 623 1127 696 loqueris,

178 715 184 742 ·'
214 717 248 768 ut
275 711 385 781 dieunt,
415 710 535 783 qualiter
564 709 648 766 homo
678 709 781 766 suivari
804 711 864 767 sine
890 709 1000 766 Christo
1028 709 1127 780 possit.

178 796 295 862 eQuod
320 796 344 851 si
366 812 423 850 nou
446 801 564 866 possunt
584 795 644 852 ullo
666 796 762 867 modo,
790 795 920 852 desinunt
942 811 993 850 nos
1009 794 1127 854 irridere

213 887 241 937 et
257 881 394 946 eooeduut
408 885 437 936 et
453 879 574 954 iimgunt
590 897 620 936 ee
630 879 732 950 nobis,
760 879 809 951 qui
825 895 883 934 uon
897 879 1126 937 dubitamusho·

213 967 317 1023 minem
345 965 449 1022 salvari
471 979 555 1036 posse
575 982 626 1035 per
648 963 805 1035 Christum
831 970 881 1019 aut
901 965 1049 1038 desperent
1072 966 1127 1032 hoo

178 1051 271 1106 tullo
290 1050 373 1106 modo
396 1067 480 1122 posse
500 1049 569 1106 fieri.
605 1047 687 1115 Quod
707 1051 731 1106 si
747 1050 873 1120 horrent,
900 1051 1016 1107 eredunt
1032 1051 1127 1108 nobis·

213 1153 278 1192 oum
294 1136 325 1192 in
342 1134 497 1206 christum,
523 1142 556 1191 ut
574 1134 682 1207 possint
700 1136 811 1194 sulvuri.
846 1139 917 1191 Bor.
946 1135 976 1190 A
994 1141 1023 1192 te
1039 1153 1126 1208 quae·

211 1239 281 1293 rum,
299 1222 372 1276 siout
389 1223 493 1293 incepi,
513 1227 546 1277 ut
564 1222 694 1278 ostendas
712 1221 790 1291 mihi,
812 1237 869 1294 qua
885 1221 992 1276 ratione
1003 1221 1126 1279 salvetur

178 1308 294 1364 11101110
315 1325 368 1379 per
389 1307 538 1362 Christum.
573 1308 644 1364 Aen
671 1307 771 1365 Nonne
794 1307 965 1363 sufficienter
989 1307 1126 1379 prohetur

212 1410 263 1464 per
279 1393 420 1448 christum
436 1392 576 1448 hominem
594 1408 677 1463 posse
700 1392 816 1462 salvari,
840 1391 1007 1448 tumetium
1026 1393 1124 1449 infide·

211 1478 252 1532 lee
271 1494 329 1532 non
353 1484 458 1548 negent
482 1477 622 1534 hominem
646 1477 704 1534 ullo
727 1478 809 1537 modo
829 1493 911 1549 posse
926 1477 987 1534 fieri
1003 1479 1126 1550 beatum,

175 1597 177 1603 ι
212 1568 241 1618 et
266 1560 335 1618 satis
360 1569 502 1640 orteneum
528 1563 577 1632 sit,
608 1565 676 1636 quiu
705 1563 729 1618 si
751 1563 878 1636 ponimus
902 1563 1044 1622 Christum
1067 1582 1127 1623 non

177 1651 287 1719 desse,
317 1649 395 1704 nullo
421 1648 503 1706 modo
529 1653 622 1722 potest
645 1649 764 1706 inveniri
792 1650 868 1706 sulus
892 1649 1044 1706 hominist·
1063 1651 1126 1708 Aut

211 1733 285 1790 euim
316 1751 368 1806 per
392 1733 533 1791 Christum
567 1741 617 1790 out
646 1735 702 1792 ulio
732 1735 827 1808 aliquo
855 1741 905 1792 eut
934 1735 1013 1792 nulio
1041 1737 1126 1794 modo

211 1820 314 1891 poterit
343 1820 426 1878 homo
455 1822 550 1877 sulvus
583 1836 659 1892 esse3
689 1827 862 1894 quapropter
890 1819 915 1875 si
942 1820 1046 1878 fulsum
1073 1829 1125 1894 est,

212 1906 279 1977 quia
303 1905 381 1962 nuilo
407 1912 457 1962 aut
480 1907 575 1979 aliquo
600 1907 656 1962 ulio
677 1906 763 1960 modo
787 1909 880 1977 potest
900 1907 954 1964 hoo
977 1927 1051 1974 esse.
1075 1925 1128 1966 ue·

177 1997 288 2046 700110
320 1998 363 2046 est
392 1992 454 2048 fieri
481 2008 532 2063 per
562 1992 711 2048 Christum.
766 1993 835 2047 Bos.
876 1992 906 2049 si
935 1995 998 2066 quis
1026 1996 1124 2052 videns

210 2074 347 2128 rationem
365 2076 432 2146 quia
451 2076 507 2131 elio
525 2077 607 2132 modo
626 2093 684 2132 non
707 2081 800 2146 potest
817 2094 893 2146 esse,
920 2083 949 2134 et
967 2096 1027 2134 non
1043 2081 1125 2138 intel·

211 2158 303 2231 ligeus
326 2174 383 2230 que
404 2162 512 2223 ratione
535 2179 586 2232 per
610 2161 752 2217 Christum
776 2179 836 2218 esse
861 2162 967 2235 valeat,
999 2181 1124 2224 asserere

209 2242 289 2313 uelit,
313 2244 382 2316 quis
405 2262 458 2302 neo
482 2265 533 2319 per
553 2245 694 2304 Christum
718 2263 770 2302 nee
789 2246 948 2304 ullomodo
968 2251 1124 2321 queuthoe

175 2324 287 2386 desset
317 2329 387 2401 quid
416 2327 482 2387 huie
509 2333 759 2406 respondebimus?
807 2335 877 2388 Am.
906 2334 981 2399 Quid
1009 2353 1123 2407 respon·

209 2413 335 2470 dendum
365 2422 408 2472 est
437 2417 492 2488 ilii,
522 2419 570 2490 qui
600 2417 705 2476 ideireo
733 2419 833 2475 asnut
863 2435 923 2474 esse
949 2421 1122 2491 impossibile

209 2501 286 2572 quod
302 2518 416 2558 neeesse
433 2509 477 2560 est
493 2520 568 2575 esse,
587 2505 654 2577 quie
670 2504 773 2574 nesoit,
800 2505 939 2575 quomodo
957 2505 1015 2562 sit?
1049 2511 1120 2564 Bos.

209 2585 284 2650 Quia
300 2585 433 2658 iusipiens
450 2594 501 2645 est.
536 2593 608 2646 Am.
634 2589 876 2645 Contemnendun
894 2597 937 2647 est
959 2609 1026 2665 ergo
1045 2592 1121 2665 quod

210 2669 286 2726 dioit
321 2673 394 2728 Bos.
426 2673 532 2731 Verum
561 2679 619 2744 est3
644 2673 695 2730 sed
717 2674 770 2731 1100
795 2675 887 2746 ipsum
909 2677 951 2731 1111
974 2678 1121 2736 ostenden·
1152 2747 1161 2757 ἱ

174 2750 192 2801 9
210 2754 277 2810 dum
295 2762 350 2827 est,
375 2775 431 2830 qua
454 2760 561 2817 ratione
586 2759 622 2816 sit
643 2761 719 2832 quod
737 2767 819 2832 putet
835 2761 1014 2834 impossibile.
1049 2766 1120 2819 Ano.

208 2839 257 2894 An
275 2857 332 2895 11011
348 2843 481 2918 intelligis
500 2862 534 2900 ex
554 2845 598 2901 his
623 2863 695 2918 quae
719 2864 804 2918 supra
828 2847 961 2920 diximus,
985 2849 1052 2922 quie
1071 2865 1119 2904 ue·

209 2943 286 2982 cesse
312 2933 354 2982 est
378 2929 487 3002 aliquos
511 2931 635 2989 homiues
662 2932 699 2988 ud
725 2931 929 2990 beatitudinem
952 2934 1120 3006 pervenire?

206 3012 321 3088 Num
298 3032 323 3068 si
342 3013 404 3071 Deo
427 3015 501 3070 est
493 3017 688 3076 moonveuiens
708 3016 847 3078 homiuem
866 3037 929 3076 eum
947 3019 1044 3092 aliqua
1061 3037 1118 3075 ma-

206 3099 272 3156 o'ulu
287 3100 439 3171 perducere
457 3100 495 3155 ed
512 3100 574 3172 hoo,
593 3104 630 3159 ad
646 3105 722 3175 quod
738 3104 819 3168 illum
837 3105 897 3161 sine
915 3103 990 3160 omni
1007 3103 1120 3160 maoulu

205 3186 354 3258 10011,110
384 3185 525 3243 authori
549 3187 672 3260 incoepti
701 3187 842 3260 poenitere
874 3195 923 3244 eut
945 3190 1128 3260 propositum

206 3272 323 3343 implere
347 3289 403 3329 nou
423 3287 511 3343 ‚posse
533 3273 676 3346 videntur,
701 3274 789 3331 multo
815 3273 906 3346 magis
921 3280 1036 3346 propter
1054 3291 1119 3330 eun·

204 3356 271 3414 dem
296 3357 550 3426 inconvenientium
575 3355 746 3430 impossibile
772 3363 815 3416 est
842 3357 951 3418 nullum
968 3361 1116 3430 hominem
