2640 3816
240 313 282 380 38
421 309 636 370 11111111
654 307 961 401 clarummane

241 485 291 536 aut
309 479 375 553 quia
390 481 499 536 tamdiu
517 484 599 535 erunt
615 479 721 550 populi,
739 480 828 536 donec
839 497 972 537 numerus
985 481 1149 553 angelorum

192 561 295 623 531111
319 566 492 637 compleatur
515 583 550 622 ex
572 565 739 622 homiuibus.
773 565 811 621 Et
832 566 885 622 hcc
912 583 969 621 uuo
988 565 1048 621 solo
1065 567 1149 622 modo

202 717 204 722 ,
241 651 342 723 exponi
357 667 440 722 posse
455 649 550 706 video:
576 651 716 705 comtitas't
735 651 867 706 samace
879 653 1053 722 populorum
1070 653 1150 708 11111

241 755 385 792 manorum
402 737 531 807 filiorum
548 735 660 800 Israel,
686 735 717 790 id
737 741 791 806 est,
817 735 883 808 quic
903 737 987 806 (sicut
1003 754 1088 810 supra
1108 737 1150 793 di-

203 873 206 878 .
243 829 320 878 ctum
338 825 390 889 est)
409 819 516 876 tamdiu
533 827 614 876 erunt
632 821 729 892 populi
748 821 778 876 in
794 821 847 877 hoc
861 824 980 894 saecum,
998 825 1150 880 1111111-

193 907 226 958 54
242 925 335 964 merus
357 909 516 962 sanctorum
537 905 680 962 hominum
703 915 867 963 assumatur.
901 909 939 962 Et
957 909 1098 982 colligitur
1115 927 1150 966 ex

242 999 362 1064 unaque
377 992 573 1060 translatione,
598 992 664 1063 quia
682 997 724 1048 tot
744 992 870 1050 homines
888 1001 1063 1052 assumentur
1082 1001 1151 1068 quot

242 1085 433 1134 remanserunt
449 1077 550 1150 angeli.
585 1077 669 1134 Unde
691 1083 785 1134 tamen
809 1097 867 1135 non
889 1081 1028 1151 sequitur,
1054 1097 1151 1154 quam·

241 1163 285 1218 ¹ris
309 1163 413 1235 perditi
436 1163 531 1236 angeli
556 1180 590 1219 ex
612 1161 776 1220 hominibus·
799 1165 973 1220 restaurandi
997 1171 1076 1236 sunt,
1106 1172 1150 1222 tot

193 1249 226 1300 55
243 1249 358 1322 angelos
387 1249 523 1306 cecidisse
552 1255 621 1320 quot
648 1256 903 1319 perseveraverunt.
945 1249 1026 1315 Quod
1056 1257 1151 1308 tamen

243 1337 268 1390 si
297 1335 413 1405 dicitur,
439 1335 636 1392 inveniendum
664 1333 729 1405 erit,
756 1335 893 1407 quomodo
915 1342 993 1391 ratae
1016 1353 1073 1392 nou
1095 1337 1152 1394 sint

244 1437 328 1492 supra
354 1420 465 1492 positae
490 1420 626 1490 rationes,
661 1435 734 1492 quac
763 1419 893 1475 videntur
917 1420 1064 1477 ostendere
1093 1439 1151 1478 non

243 1507 331 1562 luisse
351 1507 382 1562 in
406 1506 525 1579 angelis,
549 1505 626 1576 prius
648 1519 733 1576 quam
749 1504 859 1560 illorum
878 1505 993 1577 quidam
1011 1507 1151 1579 caderent,

189 1623 191 1628 ι
243 1591 324 1647 illum
348 1591 503 1664 perfectum
528 1607 673 1647 numerum
696 1607 779 1663 quem
803 1607 887 1662 supra
910 1591 982 1663 dixi,
1007 1597 1037 1648 ct
1056 1592 1152 1663 plures

194 1679 233 1736 56
244 1675 367 1732 homines
380 1675 482 1732 electos
493 1676 602 1732 futuros
615 1693 700 1750 quam
712 1675 768 1730 sint
780 1675 847 1729 meli
861 1676 963 1748 angeli.
996 1680 1067 1732 Bos.
1085 1677 1152 1735 Non

244 1779 288 1818 me
306 1761 432 1834 poenitet
448 1763 515 1835 quia
536 1763 617 1836 coegi
637 1769 680 1828 te,
705 1767 738 1816 ut
757 1761 794 1816 de
813 1761 921 1833 angelis
940 1761 1011 1818 hacc
1029 1762 1151 1831 dicerem

243 1864 310 1904 uam
336 1865 393 1904 non
417 1847 522 1904 frustra
549 1849 655 1904 fectum
685 1853 735 1904 est
769 1847 853 1905 Nunc
877 1847 938 1902 redi
962 1846 999 1903 ad
1021 1847 1051 1902 id
1076 1848 1153 1904 unde

245 1933 365 2006 digressi
381 1948 484 1991 sumus

213 2181 226 2236 1
328 2153 398 2242 190
441 2187 512 2244 Aac.
533 2186 753 2243 ConstatDeum
766 2188 951 2259 proposuisse,
968 2195 1001 2244 ut
1015 2189 1051 2244 dc
1067 2189 1154 2245 homi·

245 2271 328 2328 mlrus
350 2272 466 2344 angelos
485 2272 533 2346 qui
552 2273 713 2330 ceciderant
731 2278 907 2330 restauraret.
942 2275 1010 2332 Bos.
1039 2274 1153 2332 Certum

211 2363 297 2418 aesc
332 2359 402 2414 Ans.
419 2359 502 2415 Tales
530 2377 596 2431 ergo
622 2363 732 2430 oportet
751 2375 811 2415 esse
827 2359 951 2415 homines
971 2361 1002 2414 11
1018 2359 1069 2417 illa
1086 2362 1154 2417 civi·

245 2449 304 2502 tate
321 2461 443 2517 superna
461 2443 509 2515 qui
526 2459 579 2515 pro
597 2443 705 2515 angelis
726 2443 756 2499 in
778 2445 855 2499 illam
873 2451 1063 2517 assumenda,
1086 2465 1154 2521 qua-

244 2529 287 2586 les
305 2531 348 2586 illi
371 2530 459 2602 futuri
484 2529 524 2585 ibi
551 2535 644 2599 erant,
668 2545 721 2600 pro
743 2529 846 2601 quibus
866 2529 971 2586 ibidem
993 2541 1076 2590 munt
1090 2535 1109 2590 i.
1129 2551 1153 2592 e.

246 2617 344 2688 quales
366 2605 446 2672 ¹nunc
469 2622 534 2671 sunt
556 2615 624 2670 boni
649 2615 757 2688 angeli3
780 2615 904 2688 alioquin
927 2632 984 2672 non
1008 2624 1154 2676 1111111-

247 2702 364 2758 staurati
384 2702 432 2774 qui
450 2701 621 2770 ceciderunt,
644 2707 671 2757 et
688 2705 831 2772 sequetur,
850 2700 918 2772 quia
933 2702 1011 2760 Deus
1030 2712 1081 2761 aut
1097 2723 1154 2760 uon

246 2787 351 2858 poterit
379 2788 512 2859 perficere
540 2787 645 2842 bonum
675 2785 890 2859 quodincepit,
924 2794 973 2843 eut
999 2791 1156 2860 poenitebit

247 2887 311 2928 eum
333 2879 443 2929 tantum
467 2873 572 2929 bonurn
595 2872 747 2944 'urcepisse3
772 2887 846 2944 quae
867 2873 923 2929 duo
939 2875 1064 2932 absurda
1080 2880 1154 2931 sunu

214 2956 316 3012 3Bcs.
344 2955 423 3014 Vere
436 2963 546 3028 oportet
558 2963 591 3013 ut
608 2957 739 3030 aequales
756 2957 812 3013 siut
828 2957 953 3015 homines
970 2961 1050 3016 bonis
1069 2977 1155 3032 auge-

246 3041 291 3096 lis
333 3041 404 3097 Ans.
438 3041 511 3098 Boni
538 3043 632 3116 angeli
657 3059 818 3114 unquamne
844 3045 1050 3116 peccaverunt?
1084 3046 1155 3103 Bos.

214 3130 231 3182 4
247 3127 319 3184 Non
353 3128 423 3184 Ans.
441 3129 562 3185 Potesne
583 3128 722 3201 cogitare,
743 3131 818 3201 quod
834 3130 917 3186 homo
937 3128 986 3199 qui
1002 3127 1155 3201 aliquando

246 3213 375 3284 peccavit
403 3231 454 3270 nec
485 3231 609 3286 unquam
631 3214 693 3271 Deo
723 3233 774 3286 pro
796 3221 912 3287 peccato
935 3231 987 3270 suc
1012 3215 1155 3285 satisfecit,

247 3299 304 3354 sed*
313 3300 423 3356 tantum
440 3299 594 3372 impunitus
614 3299 771 3370 dimittitur,
790 3299 914 3370 aequalis
932 3300 969 3356 sit
985 3302 1087 3374 angelo
1105 3300 1155 3376 qui

214 3389 229 3439 5
245 3400 388 3458 nunquam
405 3384 553 3458 peccavit?
587 3389 656 3440 Boe.
691 3385 787 3441 Verba
803 3384 859 3439 ista
876 3384 998 3454 cogitare
1017 3391 1046 3443 et
1062 3385 1157 3442 dicere
