2640 3816
418 306 496 364 (ΕΗΒ
512 303 614 364 Deus
630 303 750 364 ΗΟΜΟ.
785 305 808 362 Ι.
829 311 879 368 18..
1042 307 1092 375 ,37

185 475 280 548 angeli
298 493 349 548 per
367 475 439 533 filios
454 477 543 534 Israel
562 478 674 534 atinati
691 477 817 534 homines
833 493 885 547 per
902 475 1017 550 angelos
1028 476 1093 532 Dei.

185 561 217 620 Si
234 563 300 618 boni
317 563 411 635 angeli
427 570 536 620 tantum
557 565 739 636 designantur
763 580 814 634 per
831 566 995 634 utrumque,
1019 561 1094 618 idem
1111 569 1144 622 47

185 654 229 704 est
247 649 364 720 quodsi
388 649 478 706 solum
499 668 549 721 per
567 651 683 722 angelos
701 649 773 718 Dei;
796 649 821 703 si
847 664 913 704 vero
930 653 991 704 tota
1006 647 1093 702 eoele-

185 733 236 788 stis
253 734 360 805 civitas,
378 735 424 790 hio
442 741 486 791 est
501 752 611 805 sensus,
629 736 769 807 quietam
788 735 837 790 diu
854 739 1029 789 assumentur
1046 750 1095 804 po-

176 818 247 889 *puli
273 819 291 875 i.
314 836 338 875 e.
362 821 555 878 multitudines
586 821 737 877 electorum
769 820 926 889 hominum,
956 825 1006 876 aut
1036 825 1095 876 tam

182 905 236 958 diu
257 911 339 962 erunt
363 905 461 977 populi
485 907 516 962 in
533 905 588 962 hoe
612 907 737 977 saeculo,
763 907 852 962 donee
869 906 914 960 de
936 905 1095 962 hominibus

185 991 409 1061 praedestinatus
427 1009 557 1048 numerus
582 993 657 1047 illius
674 991 795 1048 civitatis
814 991 938 1048 nondum
953 991 1094 1063 perfectus

185 1076 363 1148 eompleatur.
400 1078 456 1134 Sed
477 1097 533 1136 non
556 1078 638 1134 video
661 1095 747 1146 nuno,
771 1078 909 1150 quomodo
932 1077 984 1132 soli
1000 1078 1095 1150 angeli
1112 1076 1145 1128 48

185 1169 235 1218 aut
252 1162 335 1218 simul
352 1162 447 1234 angeli
469 1169 498 1219 et
516 1163 640 1218 homines
666 1164 756 1218 seneli
779 1181 829 1236 per
854 1163 927 1219 filios
945 1163 1033 1220 Israel
1052 1165 1094 1218 in·

185 1249 365 1320 telligantru3
391 1255 503 1304 sanctos
528 1254 624 1304 autem
652 1249 776 1306 homines
801 1249 873 1305 filios
896 1249 997 1319 Israel,
1022 1249 1095 1304 siout

185 1332 257 1388 lilios
275 1333 407 1390 Abrahae
423 1335 517 1390 vocari
523 1376 531 1405 ,
547 1353 604 1390 non
623 1341 665 1390 est
683 1335 814 1392 alienum.
844 1335 900 1401 oui
911 1335 1011 1407 ‚angeli
1027 1351 1095 1408 quo·
1110 1331 1144 1385 49

186 1436 241 1492 que
258 1420 313 1476 Dei
329 1437 380 1492 per
397 1419 450 1475 hoe
467 1424 543 1474 reete
558 1425 675 1490 possunt
690 1420 798 1491 vorari,
824 1422 891 1492 quia
906 1423 992 1478 vitam
1008 1437 1094 1494 ange·

185 1503 269 1560 licam
283 1493 450 1575 'imitanum
475 1511 562 1578 atque
579 1505 732 1561 similitudo
748 1513 777 1562 et
800 1507 957 1579 ,aequalitas
980 1508 1094 1580 angelo·

186 1608 249 1644 rum
270 1591 325 1645 illis
349 1591 520 1662 promittitis
545 1590 575 1645 in
599 1591 691 1660 eoelo,
719 1594 748 1646 et
767 1592 834 1663 quia
852 1610 947 1648 omnes
964 1594 1037 1650 iuste
1054 1593 1094 1648 ri·

186 1683 284 1732 ventes
310 1677 403 1749 angeli
428 1675 484 1730 Dei
511 1683 584 1731 sunt.
626 1676 710 1732 Unde
738 1677 792 1748 ipsi
815 1678 985 1734 confessores
1009 1684 1096 1749 atque
1111 1677 1144 1729 50

187 1767 324 1832 martyres
332 1764 352 1830 ¹)
371 1761 514 1830 dieuntu13
540 1760 589 1833 qui
606 1760 680 1816 enim
698 1761 845 1818 eonfitetru
863 1767 895 1818 et·
907 1767 1029 1818 testatur
1048 1779 1094 1818 ve·

186 1845 311 1916 ritatem,
344 1845 399 1900 Dei
426 1847 539 1902 nuntius
570 1847 592 1901 i..
621 1863 645 1902 e.
675 1846 791 1918 angelus
823 1847 882 1904 eius
911 1853 961 1904 est
1006 1847 1044 1904 Et
1071 1847 1096 1902 si

186 1930 279 1986 malus
297 1930 379 1986 homo
397 1932 499 1988 dieitur
517 1933 658 2002 diabolus,
683 1932 755 1988 siout
774 1933 809 1989 de
828 1933 900 1988 luda
918 1932 986 1988 dioit
1001 1931 1096 1990 Donni·

186 2033 240 2070 nus
247 2017 269 2085 ²)
287 2022 401 2088 propter
418 2017 628 2073 similitudinem
647 2018 783 2074 malitiae:
801 2036 851 2074 our
870 2036 926 2074 non
944 2020 1028 2074 etiam
1047 2018 1095 2074 bo·

186 2119 239 2156 nus
257 2101 340 2157 homo
358 2102 466 2158 dicetur
483 2104 600 2176 angelus
616 2109 731 2175 propter
751 2105 934 2160 imitationem
951 2103 1096 2160 iustitiae?

187 2185 280 2251 Quare
298 2205 455 2260 possumus,
471 2193 597 2260 utputo,
616 2189 722 2259 dioere,
740 2189 832 2246 Deum
849 2189 1026 2246 constituisse
1042 2191 1144 2250 ter-‘51

173 2273 277 2325 minos
299 2275 472 2343 populorum
498 2275 577 2329 iusta
601 2293 745 2330 nonnarum
772 2277 922 2332 electorum
945 2276 1097 2345 hominum,

188 2356 257 2428 quia
278 2359 385 2414 tamdiu
405 2361 488 2415 erunt
511 2358 609 2429 populi
629 2366 659 2414 ot
680 2360 733 2416 erit
758 2360 788 2416 in
810 2360 863 2416 hoo
887 2361 991 2416 mundo
1007 2361 1105 2416 homi.

170 2459 255 2499 vnum
284 2444 453 2514 procreatio,
485 2443 575 2499 donee
605 2461 736 2499 numerus
767 2445 917 2501 eorundem
946 2445 1097 2501 electorum

186 2528 329 2584 hominum
347 2530 533 2600 compleatrr3
558 2535 587 2585 et
610 2547 643 2586 eo
660 2531 797 2602 completo
816 2530 939 2586 cessabit
954 2530 1096 2586 hominnm

187 2614 344 2686 generatio,
369 2631 441 2688 quae
458 2615 491 2670 fit
507 2615 537 2671 in
555 2615 609 2670 hae
625 2616 692 2672 vita
726 2616 766 2672 At
787 2617 811 2671 si
834 2631 886 2687 per
910 2616 1025 2688 angelos
1041 2616 1097 2672 Dei
1114 2619 1147 2672 52

188 2699 371 2770 intelligimus
396 2706 506 2756 sanatos
529 2701 643 2774 angelos
666 2707 775 2757 tantum
795 2708 824 2757 et
845 2718 896 2772 per
918 2701 991 2756 filios
1008 2701 1096 2760 lsrael

186 2784 378 2840 tantummodo
398 2784 485 2840 iustos
501 2785 638 2857 homines,
663 2787 772 2843 duobus
791 2785 881 2844 modis
899 2786 1018 2860 intelligi
1035 2794 1097 2860 pot-

170 2876 243 2940 est,
268 2870 334 2942 quia
358 2870 498 2924 constituit
514 2873 594 2926 Dosse
614 2874 746 2927 immoror
758 2873 931 2943 populosam
948 2873 1027 2928 taeta
1046 2892 1097 2928 nu·

186 2973 292 3010 messan
316 2955 479 3028 angelornm
500 2956 570 3012 Dei:
602 2962 652 3012 aut
675 2957 742 3029 qnia
765 2963 861 3014 tantm
883 2958 1005 3030 populns
1028 2959 1046 3015 i.
1071 2975 1096 3014 e.

169 3045 230 3096 *tot
250 3041 376 3098 homines
402 3047 577 3096 assumentur
605 3049 674 3114 quot
701 3048 767 3098 sunt
793 3043 882 3100 saneti
910 3043 1004 3117 angeli
1032 3043 1096 3112 Dei,

260 3231 285 3298 ¹)
302 3230 354 3286 E⁸t
371 3231 440 3288 haee
458 3231 542 3287 leetio
561 3244 632 3285 omn
650 3229 738 3286 Oodd
754 3245 853 3317 gemm,
876 3294 889 3320 τ
981 3297 989 3318 '
1071 3293 1079 3312 Ι

186 3299 286 3422 mig
315 3297 372 3356 cfr.
398 3300 495 3356 Ioaun.
524 3306 553 3372 6,
579 3306 628 3358 to:
665 3299 713 3370 „le
748 3320 831 3376 υμωμ
860 3317 899 3362 „3
928 3299 1100 3368 ‘mmo‘
