2640 3816
261 289 305 354 20
442 283 657 342 anasum
674 283 981 342 GfflUAROENfflS

262 454 315 510 hen
342 453 425 512 modo
451 454 560 516 valuit
583 453 656 509 Nam
683 458 711 508 et
740 453 937 508 inconveniens
964 451 1077 508 videtu
1106 469 1169 508 οπο

262 538 336 610 Deo,
359 540 499 596 homiuem
524 539 577 594 hos
600 539 682 594 modo
705 539 843 606 salvassa3
870 553 922 594 nes
945 543 1077 610 apparet,
1101 538 1169 610 quid

212 624 246 675 23
262 643 335 680 murs
357 625 407 682 illa
431 625 525 680 valeat
545 625 582 679 sd
606 623 772 678 salvandum
793 623 941 681 hominem
975 625 1078 680 Mirm
1095 624 1170 679 anim

262 717 320 778 est,
343 711 368 765 si
386 711 465 766 Deus
482 709 523 766 sie
547 709 702 765 delectatur
722 716 771 765 aut
795 716 861 781 eget
882 709 1019 781 sanguina
1039 709 1170 764 innoeen-

263 796 313 859 tis,
336 802 443 852 utnon
469 795 523 850 nisi
546 793 692 850 interfecto
718 813 751 852 so
775 812 890 866 pumera
914 794 983 850 velit
1007 799 1057 848 sut
1081 793 1170 864 possit

212 885 247 937 24
262 882 381 938 noeentu'.
416 881 484 935 nna.
519 879 656 946 Quoniam
680 882 785 951 accipis
806 881 837 934 in
856 881 910 935 hau
927 879 1090 950 quaestione
1106 895 1169 948 pen

263 983 360 1022 sonam
386 983 493 1036 eorum,
520 966 569 1036 qui
595 965 707 1022 eredere
732 965 803 1020 nihil
826 965 923 1020 volunt
948 965 1002 1020 nisi
1025 981 1169 1036 pemmon-

263 1051 488 1122 maturatione,
514 1051 577 1106 velo
601 1057 693 1107 tecum
711 1051 831 1122 pacisci,
853 1057 885 1106 ut
900 1051 1009 1105 nullum
1026 1049 1071 1106 vel
1088 1047 1169 1103 mini·

263 1138 551 1195 mum-inaonvaniens
569 1137 599 1192 in
616 1135 678 1192 Deo
700 1153 719 1190 a
740 1137 822 1193 nobis
845 1136 1014 1207 uscipiatur,
1040 1140 1069 1192 et
1092 1134 1170 1188 nullu

213 1228 245 1280 25
263 1223 307 1278 vel
324 1223 438 1280 minima
453 1224 533 1291 ratio,
559 1223 583 1277 si
599 1224 690 1278 maior
702 1239 758 1278 non
776 1227 924 1292 repugnat,
940 1221 1091 1277 reiisiatur.
1126 1219 1168 1276 si-

263 1314 311 1363 eut
334 1309 406 1364 enim
434 1310 464 1364 in
488 1309 550 1364 Deo
576 1309 781 1379 quantumlibet
801 1312 946 1378 parvum&
972 1306 1169 1362 inconveniens

263 1393 388 1463 sequitur
405 1393 629 1464 impossibilium
656 1393 698 1448 ita
719 1394 925 1464 quantumlibet
948 1409 1063 1464 paruam
1087 1392 1169 1446 natio·

262 1496 342 1544 nam,
377 1480 401 1533 si
438 1478 536 1537 maiori
569 1495 626 1532 nen
659 1478 793 1548 vincitur,
830 1479 977 1535 comitatur
1011 1477 1170 1533 necessitas.

213 1571 246 1622 26
263 1567 331 1618 Bos.
365 1564 445 1622 *Nihil
463 1565 492 1619 in
520 1565 572 1620 hae
594 1581 626 1620 rs
649 1563 781 1622 libentius
798 1566 928 1638 accipio,
953 1579 1041 1635 'quam
1062 1568 1095 1618 ut
1117 1563 1170 1617 hoa

212 1656 377 1722 aspectum
402 1650 475 1707 intes
502 1669 553 1707 nos
575 1651 758 1708 communiter
778 1658 910 1708 servetur.
954 1652 1022 1704 Am.
1057 1649 1103 1704 De
1128 1649 1170 1702 iu·

264 1737 423 1793 adunatione
443 1738 499 1794 Dei
520 1744 631 1794 tantum
659 1743 688 1792 et
707 1739 747 1794 de
768 1737 811 1794 his
833 1753 905 1809 quae
929 1737 964 1792 ds
979 1735 1029 1790 illo
1047 1739 1170 1789 assumta

213 1831 245 1881 28
262 1821 374 1880 homine
393 1825 540 1894 eredimus,
558 1822 685 1895 quaestio
702 1830 751 1878 est
786 1826 854 1877 Bos.
878 1822 924 1876 Ita
942 1827 991 1876 ast.
1026 1820 1097 1874 Ana
1117 1819 1171 1872 Ρο-

263 1927 360 1964 namus
380 1927 447 1981 ergo
465 1912 521 1966 Dei
542 1909 762 1966 incarnationem
783 1911 812 1962 et
834 1923 907 1978 quae
933 1907 969 1961 de
985 1905 1035 1960 illo
1053 1904 1171 1960 dicimus

262 1995 386 2063 homine,
413 2013 566 2066 numquam
591 1994 694 2061 fuiss03
723 1999 752 2047 et
768 1998 877 2048 constet
904 1993 977 2046 inter
1003 2007 1055 2044 nos
1084 1987 1170 2044 homi-

264 2095 328 2134 nem
346 2095 405 2133 esse
421 2079 527 2133 fastum
545 2079 586 2133 ad
600 2077 816 2146 beatitudiuem,
837 2094 909 2148 quas
924 2076 957 2130 in
978 2076 1036 2151 haa-
1047 2076 1106 2130 vita
1121 2075 1170 2129 hs-

263 2163 324 2219 beri
347 2181 403 2218 non
431 2169 538 2234 potsse,
564 2181 617 2219 nee
640 2163 676 2218 ad
701 2161 778 2216 illam
802 2176 885 2232 posse
907 2160 1051 2232 pervenire
1075 2175 1170 2230 quam-

264 2265 347 2320 quam
371 2247 426 2302 nisi
450 2247 570 2302 dimissis
593 2247 731 2318 pascatis,
755 2263 807 2302 nee
827 2245 916 2300 ullum
937 2246 1076 2300 hominem
1098 2244 1171 2298 hana

263 2334 349 2390 vitam
366 2334 486 2388 transire
503 2334 563 2389 sins
581 2340 709 2404 pescate,
733 2339 762 2388 et
778 2332 835 2386 alla
850 2348 969 2402 quorum
985 2330 1055 2386 fides
1073 2331 1110 2384 ad
1128 2343 1171 2383 sa·

214 2421 351 2476 natatem
382 2426 522 2475 aeternam
548 2420 705 2475 necessaria
735 2424 784 2474 est.
833 2419 903 2471 Bos.
937 2417 986 2472 Ita
1008 2415 1070 2486 fiat3
1104 2415 1171 2486 quia
1220 2483 1223 2490 ‚

264 2508 333 2562 nihil
355 2508 385 2562 in
410 2506 455 2560 his
479 2505 676 2560 inconvenieus
702 2510 756 2558 aut
776 2501 947 2574 impossibile
967 2502 1029 2557 Deo
1051 2501 1170 2555 videtur.

264 2598 333 2649 Aes.
361 2592 526 2650 Necessaria
548 2595 593 2649 est
613 2585 701 2660 igitur
717 2586 823 2641 homini
840 2593 1017 2656 peeeatemm
1036 2585 1170 2652 remissio,

264 2686 296 2733 ut
327 2680 364 2733 ad
394 2677 595 2734 beatitudinem
625 2672 778 2745 perveniat
824 2673 894 2726 Bes.
929 2671 975 2729 Sia
1004 2687 1099 2726 omnes
1130 2674 1170 2726 te·

264 2779 369 2818 nemus.
597 2790 598 2796 κ

232 3030 245 3080 1
345 2982 415 3066 M·
459 3017 527 3070 Ans.
563 3014 757 3081 Quaerendum
786 3019 828 3068 ast
854 3012 954 3084 igitur,
981 3025 1037 3080 qua
1062 3007 1169 3066 ratione

263 3099 341 3158 Deus
361 3098 487 3162 ¹dimittat
508 3108 622 3170 peecata
643 3098 823 3156 hominibus?
850 3104 879 3152 et
902 3102 934 3152 ut
958 3094 1011 3151 hue
1033 3091 1169 3150 faciamus

336 3355 361 3426 1)
381 3353 530 3424 quamlibet
543 3369 663 3421 parvum
681 3349 786 3405 Aabc
802 3349 827 3402 B
845 3347 869 3400 Ε
886 3349 945 3403 us.
