2640 3816
386 293 717 360 wennueneno.
752 299 791 357 11.
812 304 854 360 ss.
1033 299 1077 370 63

165 476 282 532 eminus
298 471 337 530 sd
349 470 574 544 investigandum
586 469 691 542 seille,
711 471 792 544 qnasi
802 470 927 528 nondum
940 472 984 540 sit,
1003 471 1077 528 sient

166 558 329 630 incepimus.
363 558 435 616 Dies
459 558 562 631 igitur,
593 558 758 627 sipseesrs
782 573 839 612 nen
865 555 980 627 peterit,
1011 558 1079 628 quis

165 647 240 703 sieut
264 645 335 700 dieis
363 661 421 700 non
449 644 552 717 peterit
578 642 665 713 velle,
693 659 729 700 ex
757 641 923 698 neeessitste
955 642 1079 700 servsbit

165 730 314 800 iustitiam,
343 747 430 803 quere
458 746 516 786 non
545 746 581 786 ex
608 728 740 784 libertate
767 727 876 784 arbitrii
900 726 990 783 iustus
1015 727 1078 784 erit.

165 817 245 884 Ques
269 817 357 889 igiter
379 815 473 888 gratis
494 815 536 870 illi
556 831 609 885 pro
631 813 740 870 iustitie
759 830 811 869 sus
826 811 992 870 debebitur?
1027 809 1128 870 So-10

166 903 256 960 leneus
273 918 395 975 nemque
412 900 520 971 disere,
545 900 639 956 Deum
655 900 761 956 ideireo
777 899 877 956 lesisse
896 898 1029 972 angeium
1048 904 1079 956 et

165 988 305 1046 hominem
320 987 401 1057 isles,
426 986 475 1058 qni
494 1001 611 1058 peceare
626 989 758 1057 possem
778 992 916 1058 quatenus
933 1003 997 1042 eum
1013 1000 1077 1058 pes-

166 1079 229 1131 sent
247 1075 374 1131 deserere
396 1072 531 1128 iustitiam
549 1078 578 1128 et
601 1089 636 1127 ex
653 1071 782 1128 libertate
799 1069 908 1127 arbitrii
927 1077 1076 1142 serenent,

166 1161 287 1232 gratim
305 1165 335 1216 et
352 1159 465 1216 leudem
488 1163 673 1228 mererentur,
698 1173 771 1230 quae
796 1157 852 1212 illis
869 1157 895 1211 si
909 1159 1077 1214 neeessitste

167 1246 236 1301 insti
261 1251 355 1302 essent
379 1263 437 1301 nen
460 1245 636 1302 deberentur.
671 1245 741 1300 Ass.
775 1245 877 1302 Nonne
892 1243 1002 1314 angeli,
1027 1239 1126 1314 quill

165 1331 249 1386 nodo
277 1347 393 1402 peeesre
422 1335 580 1403 nequeunt,
608 1329 744 1386 lendsndi
774 1329 859 1386 sunt?
899 1331 970 1386 Bos.
1005 1329 1078 1386 Sunt

166 1415 274 1489 ntique,
292 1417 361 1489 quis
375 1417 429 1474 hoe
446 1417 523 1490 qnod
540 1414 624 1472 modo
640 1435 698 1472 nen
714 1423 832 1489 possent
849 1420 1011 1472 mernerunt
1027 1432 1079 1486 per

167 1501 236 1569 hee,
260 1502 337 1574 qnod
354 1508 506 1575 potuerunt
521 1507 550 1558 et
567 1501 724 1558 noluerunt.
758 1503 829 1557 Ans.
857 1501 933 1567 Quid
953 1501 1022 1558 dieis
1041 1501 1079 1557 de
1098 1499 1129 1552 12

166 1586 805 1660 Dee,qnipeeeerenenpotestneehee
829 1587 1078 1659 meruitperpo·

166 1677 297 1729 testatem
315 1675 465 1744 peccandi,
489 1689 547 1746 qus
562 1689 620 1728 nen
640 1672 783 1743 possevin
805 1689 897 1730 nonne
920 1673 1079 1728 laudandus
1150 1709 1151 1714 κ

167 1763 212 1810 est
229 1775 281 1828 pro
296 1757 405 1812 iustitie
421 1757 494 1812 sus?
528 1759 597 1812 Bos.
624 1756 679 1812 Hie
696 1757 768 1827 solo,
793 1762 826 1812 ut
842 1757 1011 1828 respondeas
1026 1775 1079 1828 pre
1098 1757 1130 1809 1³

168 1857 229 1912 ωας
257 1858 323 1897 nem
346 1842 372 1897 si
393 1842 457 1900 dieo
481 1859 546 1902 eum
567 1859 625 1898 non
648 1859 709 1900 esse
733 1843 922 1912 laudandum,
950 1842 1008 1898 seio
1034 1859 1079 1898 me

169 1928 297 1997 mentiri‘3
326 1928 350 1983 si
367 1931 460 1984 eutem
484 1927 546 1985 dies
563 1929 750 1998 nudandum,
775 1928 860 1986 timeo
881 1927 1021 1984 infirmare
1035 1945 1079 1982 re·

168 2013 274 2070 lienem
298 2031 382 2087 quem
405 2015 464 2070 dixi
488 2014 525 2071 de
546 2015 665 2088 angelis.
699 2017 770 2071 Ans.
805 2014 910 2086 Angeli
934 2030 990 2070 nen
1014 2019 1081 2068 sunt
1099 2013 1132 2068 14

168 2097 305 2156 leudaedi
325 2099 360 2156 de
379 2100 486 2158 iustitie
507 2119 574 2172 sus,
603 2102 670 2174 quie
692 2118 810 2173 peecare
831 2105 995 2173 potuerunt,
1027 2099 1078 2154 sed

169 2184 237 2255 quie
262 2201 314 2254 per
337 2185 390 2242 hoe
413 2187 619 2258 quedammodo
641 2204 662 2242 e
683 2205 714 2244 se
735 2187 841 2244 hebent
863 2185 940 2259 quod
960 2199 1078 2256 peecare

169 2276 327 2342 nequeunt3
354 2272 385 2326 in
408 2289 464 2344 qne
487 2273 665 2345 aliquetenus
688 2272 792 2329 similes
811 2279 876 2328 sunt
892 2271 968 2341 Deo,
994 2270 1043 2342 qui
1060 2287 1080 2326 e

168 2369 200 2410 se
223 2353 310 2411 hebet
335 2356 473 2428 quidquid
497 2357 592 2415 hebet.
633 2359 744 2414 Dicitur
769 2359 844 2414 enim
867 2357 934 2414 dare
963 2355 1079 2427 aliquid,
1099 2348 1130 2399 ¹5

171 2438 221 2510 qni
245 2458 303 2496 nen
330 2441 423 2498 aufert
449 2443 561 2514 quando
579 2449 686 2516 potest;
713 2451 742 2500 et
766 2444 860 2500 {sene
883 2458 944 2499 esse
963 2441 1080 2514 aliquid,

169 2525 304 2596 quicum
328 2527 417 2597 pessit
441 2528 472 2584 id
501 2529 593 2600 ipsum
617 2529 710 2587 fecere
736 2547 794 2587 non
819 2545 894 2598 esse,
921 2545 978 2584 non
1003 2527 1079 2583 feeit

169 2609 217 2666 Sis
238 2609 334 2682 itaque
356 2629 420 2668 eum
441 2615 559 2687 angelus
584 2618 676 2688 potuit
701 2617 811 2673 aufere
828 2614 883 2670 sibi
899 2612 1035 2668 iustitiam
1051 2618 1081 2670 et

171 2710 229 2752 non
245 2695 374 2767 abstulit,
395 2705 424 2755 st
441 2700 535 2758 faeere
551 2718 582 2758 se
599 2719 656 2758 nen
675 2717 736 2756 esse
756 2700 860 2755 iustum
878 2703 907 2754 et
923 2716 980 2754 non
996 2697 1080 2769 feeits

171 2787 249 2836 reete
268 2782 400 2838 asseritur
416 2784 478 2857 ipse
497 2786 551 2843 sibi
571 2787 680 2844 dedisse
695 2785 838 2855 iustitiam,
857 2789 886 2841 et
903 2784 1027 2857 seipsum
1037 2783 1078 2839 iu·

171 2874 247 2926 stum
272 2869 380 2926 feeisse.
416 2869 479 2926 Hos
505 2872 593 2944 igitur
618 2872 701 2926 modo
726 2871 811 2930 hebet
838 2888 857 2926 a
882 2888 912 2927 se
934 2869 1079 2940 iustitiam,
1098 2868 1131 2920 16

171 2954 251 3028 (quia
271 2961 400 3012 ereatura
423 2973 486 3014 sem
513 2957 595 3013 aliter
621 2974 639 3012 e
658 2973 689 3014 se
709 2957 812 3014 hebere
836 2957 958 3028 nequit,)
983 2961 1013 3012 et
1035 2955 1078 3012 id·

169 3041 246 3096 eireo
262 3041 420 3100 laudandus
438 3048 481 3098 est
498 3041 533 3098 de
555 3059 607 3099 sue
629 3043 747 3115 iustitie,
771 3060 823 3100 nee
842 3044 1009 3100 necessitate
1027 3039 1079 3096 sed

171 3123 301 3186 libertate
323 3129 413 3186 iustus
436 3134 493 3200 ese
523 3128 590 3201 quie
617 3129 766 3202 improprie
792 3129 894 3186 dieitur
918 3125 1077 3195 necessitas,

171 3304 272 3355 cuntur
296 3316 393 3372 posse,
415 3319 472 3358 non
494 3317 546 3356 sne
570 3300 620 3356 sed
646 3300 739 3358 aliena
762 3302 914 3374 potestate3
937 3301 966 3353 et
986 3291 1077 3351 multa

169 3382 227 3426 non
244 3385 335 3440 posse,
352 3388 410 3428 non
426 3388 477 3429 sue
492 3370 542 3429 sed
560 3369 653 3428 eliens
668 3370 858 3444 impetentist‘
