2640 3816
443 1205 853 1296 CAPITULA.

191 1707 213 1755 1.
237 1699 377 1772 Quaestio,
397 1699 433 1756 de
450 1715 507 1773 que
522 1705 612 1756 totum
633 1719 703 1774 opus
719 1703 830 1774 pendet.

188 1808 213 1860 2.
239 1803 383 1868 Quomodo
399 1803 565 1877 accipiendo
583 1811 649 1862 sunt
667 1821 708 1875 es,
726 1823 797 1877 quse
814 1804 932 1860 dicenda
949 1809 1021 1860 sunt

188 1909 212 1960 3.
240 1904 415 1964 Obieetiones
433 1907 588 1964 infidelium
611 1915 638 1990 st
656 1907 848 1980 responsiones
867 1907 999 1963 fidelium.

187 2014 212 2064 t.
240 2009 322 2074 Quod
349 2012 402 2068 hue
429 2012 623 2084 responsiones
648 2011 793 2068 rideantur
815 2010 974 2068 infidelibus
997 2011 1057 2068 sine
1081 2029 1128 2067 ne·

238 2096 367 2153 cessitate
384 2104 412 2153 st
429 2099 510 2170 quasi
530 2100 667 2170 quaedam
685 2099 817 2172 picturae

189 2205 212 2254 5.
235 2198 317 2264 Quod
332 2201 465 2256 redemtio
484 2199 603 2257 hominis
620 2219 675 2258 non
693 2203 785 2274 potuit
803 2203 864 2258 fieri
883 2219 933 2274 per
947 2201 1030 2257 uliam
1043 2218 1129 2275 quum

238 2303 288 2357 per
308 2287 361 2342 Dei
378 2303 533 2358 personam.

189 2393 212 2444 6.
237 2387 381 2453 Quomodo
407 2389 613 2461 reprehendant
636 2387 774 2458 infideles,
800 2391 875 2462 quod
902 2390 1019 2444 dicimus
1036 2387 1129 2448 Deum

239 2481 328 2531 morte
349 2494 401 2532 sue
423 2494 473 2532 nos
500 2476 650 2531 redemisse
668 2483 696 2531 et
714 2477 754 2530 sie
772 2476 948 2531 dilectionem
965 2490 1044 2530 susm
1062 2491 1129 2548 ergo

239 2576 290 2614 nos
307 2562 461 2618 ostendisse
476 2568 504 2618 et
514 2580 565 2634 pro
577 2562 658 2617 nobis
675 2579 835 2634 expugnare
854 2561 994 2616 diabolum
1011 2561 1128 2618 venisse.

190 2669 214 2718 7.
240 2663 320 2730 Quod
339 2667 444 2720 nullam
463 2665 590 2723 diabolus
609 2664 732 2722 habebat
749 2662 882 2718 iustitium
896 2664 1029 2720 adversus
1043 2663 1128 2721 homi·

239 2767 311 2822 nem,
333 2759 361 2806 et
381 2769 466 2824 quare
483 2753 612 2808 videatur
625 2751 763 2819 habuisse,
788 2754 816 2804 et
830 2767 879 2804 our
892 2749 969 2806 Deus
981 2751 1034 2808 hoo
1047 2753 1128 2808 modo

238 2836 376 2893 hominem
393 2839 561 2894 liberaverit

188 2947 211 2996 8.
238 2939 395 3011 Quomodo,
420 2942 487 2996 lieet
508 2941 624 2996 humilia
649 2956 721 3011 quae
738 2939 855 2994 dioimus
874 2941 909 2996 de
927 2939 1049 3010 Christo,
1073 2957 1129 2996 non

237 3028 397 3099 pertineant
414 3028 451 3082 ad
470 3027 650 3096 divinitatem,
674 3026 868 3081 inconveniens
886 3025 1013 3081 videntur
1030 3025 1127 3082 infide-

239 3115 314 3170 libus
340 3131 373 3169 ee
390 3115 425 3170 de
445 3113 493 3168 illo
513 3113 569 3167 diei
587 3113 739 3168 seeundum
762 3112 913 3182 hominem,
936 3119 964 3166 et
981 3113 1055 3167 unde
1073 3112 1129 3166 iilis

240 3202 367 3256 videatur
384 3201 457 3258 idem
475 3200 557 3256 homo
577 3217 633 3254 non
650 3205 749 3270 sponte
767 3205 891 3266 mortuus
911 3215 978 3254 esse.

188 3311 212 3360 9.
238 3303 319 3368 Quod
337 3311 434 3376 sponte
451 3306 576 3359 mortuus
593 3303 637 3372 sit,
656 3309 684 3357 et
703 3302 771 3372 quid
786 3302 822 3356 sit
832 3304 985 3370 foeterent
999 3301 1129 3354 obediam

239 3407 325 3460 usque
342 3393 383 3444 od
402 3399 526 3458 mortens,
544 3397 569 3444 et
582 3397 701 3459 propter
713 3389 790 3458 quod
801 3389 880 3441 Deos
890 3386 972 3502 extum
984 3386 1125 3455 multavit,
