2640 3816
155 999 162 1008 ι

158 1011 166 1023 l

238 1050 279 1176 s.
314 1050 545 1170 sisinii
589 1045 1013 1166 crotonenses

438 1283 811 1360 nmnarnmns

312 1469 449 1537 GUR
494 1469 686 1534 DEUS
732 1467 939 1534 HOMO.

521 1673 733 1690 -ι-ψ-ιι-αισ

250 1771 289 1856 1·
341 1775 442 1875 Saepe
461 1809 490 1860 et
513 1805 714 1861 studiosissime
731 1801 868 1872 {affmnltis
884 1766 1006 1881 rogat-ns?
1018 1817 1080 1880 snm
1098 1799 1111 1850 l

158 1894 198 1944 ‚et
219 1889 312 1947 verbis
336 1896 365 1946 et
391 1888 492 1960 literis,
521 1897 658 1963 quotenus
683 1889 838 1946 cuiusdam.
855 1887 1024 1960 quaestionis
1043 1889 1079 1944 de

169 1974 225 2032 fide
250 1982 346 2032 nostra
372 1974 508 2046 rationes,
536 1994 606 2050 quas
634 1976 708 2032 soleo
734 1974 902 2045 respondere
924 1973 1078 2046 quaerenti·

169 2060 230 2130 bus,
248 2064 397 2120 memoriae
414 2061 561 2120 scribendo
576 2061 779 2130 commendem
788 2062 808 2129 ¹)
827 2059 924 2116 dicunt
936 2059 1011 2115 enim
1022 2058 1077 2114 sibi

168 2145 280 2229 piscem
311 2165 358 2204 eas
390 2153 420 2208 et
451 2149 622 2206 arbitrentur
650 2146 818 2203 satisfacere.
863 2144 944 2210 Quod
968 2143 1113 2216 petunt2

161 2245 226 2286 ‚non
250 2237 282 2285 nt
304 2249 355 2303 per
379 2233 516 2292 rationem
534 2234 571 2288 ad
590 2232 675 2288 fidem
693 2231 841 2300 accedant,
867 2231 917 2285 sed
934 2236 1078 2286 uteorum

171 2330 244 2384 quae
267 2318 385 2374 credunt
407 2319 552 2376 intellectu
575 2325 604 2376 et
633 2315 865 2388 contemplatione
885 2316 1077 2385 {delectentum

170 2404 199 2454 et
224 2404 255 2453 ut
280 2400 347 2470 sint,
379 2409 514 2474 quantum
538 2407 671 2476 possunt,
694 2401 787 2473 parati
808 2418 918 2474 semper
941 2403 978 2456 ad
1000 2400 1080 2454 satis-

169 2483 319 2540 factionem
340 2487 415 2542 omni
440 2487 566 2559 poscenti
587 2505 617 2544 sc
633 2488 770 2544 rationem
786 2489 821 2542 de
841 2501 964 2557 eaquae
981 2485 1012 2537 in
1031 2499 1080 2538 nc-

171 2569 214 2623 bis
241 2576 285 2625 est
309 2574 396 2641 spe.²)
443 2572 533 2636 Quam
565 2573 754 2644 quaestionem
781 2573 869 2627 solent
896 2577 924 2626 et
952 2567 1113 2623 infidelesa

169 2654 250 2708 nobis
273 2654 478 2726 simplicitatem
500 2657 681 2714 christianam
698 2659 777 2730 quasi
795 2657 902 2710 fatuam
922 2653 1078 2708 deridentes

169 2738 302 2809 obiicere,
326 2746 355 2795 et
373 2737 470 2796 fideles
494 2735 575 2804 multi
592 2745 623 2806 in
641 2744 725 2799 corde
742 2757 865 2796 versare:
895 2755 951 2810 qua
969 2738 1075 2796 scilicet

169 2823 276 2880 ratione
300 2823 345 2879 vel
369 2825 535 2884 necessitate
553 2829 631 2886 Deus
659 2827 741 2883 homo
763 2824 922 2894 inotescit,
946 2832 975 2881 et
992 2829 1080 2880 morte

169 2926 238 2974 sua,
263 2910 336 2965 sicut
359 2927 411 2966 nos
438 2912 575 2968 credimus
604 2920 633 2969 et
660 2913 839 2981 confitemur,
865 2911 970 2966 mundo
992 2911 1080 2964 vitam

169 2993 336 3064 reddiderit3
356 3011 420 3050 cum
438 2994 492 3050 hoe
510 3002 561 3051 aut
577 3015 628 3068 per
646 2997 729 3052 aliam
745 3011 901 3068 personam,
919 2997 978 3052 sive
995 3011 1080 3067 ange·

244 3185 267 3248 1)
288 3187 509 3238 cornmcodorcm
526 3183 581 3238 Aa
597 3185 631 3240 Β.

241 3255 269 3314 2)
294 3251 350 3308 Cfr.
377 3259 399 3310 1.
418 3253 494 3308 Petr.
515 3260 547 3324 3,
575 3260 618 3309 15:
645 3252 751 3321 ἕτοιμοι
768 3252 813 3308 to
831 3250 900 3326 πρὸς
922 3250 1081 3321 ἀπολογίαν

169 3319 254 3371 παντὶ
271 3323 310 3390 τῷ
328 3323 450 3378 αἰτοῦντι
473 3319 547 3396 ὑμᾶς
565 3321 651 3395 λόγον
675 3328 738 3400 περὶ
758 3326 803 3392 τῆς
823 3326 852 3378 ἐν
873 3321 942 3396 ἰμῖν
958 3320 1078 3398 tiericus.

909 3411 921 3460 1
