2640 3816
215 302 256 369 86
397 301 426 360 S.
446 298 615 358 ANSELMI
634 295 938 357 CANTUARIENSIS
1026 316 1029 322 ’

215 469 270 526 imo
293 470 427 541 seipsum,
452 475 558 542 mutam
584 467 690 522 scilicet
712 481 858 536 personam
879 471 959 521 tants
975 465 1119 524 voluntate

183 553 301 610 adedit.
347 557 415 609 Bos.
449 553 569 608 Multum
598 551 768 623 propinques
802 550 937 606 desiderio
963 567 1040 614 meoz
1067 553 1119 608 sed

215 638 369 694 sustinent
388 639 519 710 quiddam
539 653 685 710 quaeram,
705 634 780 706 quod
798 635 922 707 quamvis
939 637 1048 692 fatuum
1063 637 1119 693 for·

215 723 288 779 sitan
309 719 402 795 putes
418 739 563 795 quaerere,
590 740 646 778 non
671 725 764 775 tamen
790 719 820 774 in
844 728 975 792 promptu
991 722 1059 776 mibi
1077 727 1123 778 est

183 807 283 880 equid
317 807 505 880 respondeam,
542 808 566 862 si
602 825 620 862 a
653 821 696 860 me
734 811 899 877 quaeratur.¹
937 806 1015 861 Diels
1045 806 1119 879 quie,

215 892 326 964 quando
358 898 481 947 mortuus
505 883 567 962 est,
599 893 676 950 dedit
704 892 778 962 quod
802 883 866 946 'non
895 891 1021 948 debebat.
1062 892 1119 949 Sed

217 993 297 1032 nemo
320 976 436 1048 negabit
457 976 536 1031 illum
562 976 660 1032 melius
683 975 797 1045 fecisse,
823 976 934 1047 quando
958 977 1012 1032 hoe
1029 995 1120 1033 exem·

215 1062 294 1132 plum
315 1061 408 1116 taliter
433 1062 524 1132 dedit,
553 1068 581 1119 et
606 1059 695 1131 magis
718 1059 772 1115 hoc
799 1059 910 1130 plaeere
932 1061 1007 1132 Deo,
1035 1079 1120 1134 quam

118 1205 122 1212 ,
216 1146 241 1201 si
262 1164 317 1202 non
336 1146 389 1202 hoe
404 1145 533 1215 fecisset3
548 1150 607 1200 ¹aut
625 1143 699 1200 dicet
718 1161 781 1202 eum
798 1161 859 1208 non,
875 1145 1002 1202 debuisse
1018 1147 1119 1218 faeere,

216 1231 292 1302 quod
315 1231 414 1286 melius
439 1248 498 1287 esse
523 1236 552 1286 et
576 1230 650 1303 quod
667 1229 755 1302 magis
771 1229 882 1301 plaeere
898 1231 960 1286 Deo
976 1231 1120 1287 intellexit

183 1325 198 1378 9
217 1317 359 1395 Quomsdo
381 1333 447 1389 ergo
474 1333 627 1372 asseremus
650 1329 713 1370 'eum
736 1333 792 1370 non
814 1314 943 1371 debuisse
958 1316 1020 1370 Deo
1044 1315 1120 1387 quod

216 1401 283 1457 feeit
304 1402 322 1456 i.
347 1418 370 1457 e.
395 1401 470 1473 quod
494 1401 592 1456 melius
616 1417 676 1455 esse
698 1405 725 1456 et
750 1399 838 1470 magis
861 1399 972 1470 plaeere
992 1400 1054 1456 Deo
1077 1399 1120 1454 in·
1208 1399 1211 1406 “

217 1485 338 1555 tellexit,
365 1485 539 1557 praesertim
561 1502 624 1540 cum
643 1490 778 1546 ,ereatura
804 1484 905 1541 debeat
932 1483 994 1539 Deo
1022 1490 1120 1556 totum,

111 1621 113 1626 ,
157 1567 293 1640 ,10qu0d
316 1564 358 1625 'est
381 1576 409 1626 et
431 1571 507 1641 quod
529 1568 846 1642 scitetquodpotest?
881 1571 951 1624 Aur.
987 1567 1120 1634 Quamvis

103 1645 106 1650 ’
216 1659 344 1711 ereatura
359 1654 429 1710 nihil
445 1655 548 1711 habeat
564 1672 582 1710 a
599 1672 636 1725 se,
661 1654 772 1727 quando
791 1660 884 1710 tamen
902 1653 943 1707 illi
957 1654 1036 1708 Deus
1056 1671 1121 1709 eon-

216 1740 291 1796 cedit
317 1740 423 1812 aliquid
448 1735 525 1796 licite'
552 1741 645 1796 faeere
671 1746 700 1796 et
724 1739 910 1808 nonfacere,
938 1739 987 1793 dat
1011 1737 1053 1792 illi
1078 1739 1120 1793 ita

216 1841 297 1880 suum
314 1842 373 1881 esse
388 1831 550 1898 utrumque,
576 1830 609 1881 ut
632 1825 698 1880 licet
721 1825 838 1880 alterum
859 1823 896 1878 sit
912 1823 1025 1894 melius,
1052 1839 1119 1879 neu·

215 1914 289 1965 trum
324 1916 419 1966 tamen
453 1911 580 1984 exigatur
616 1909 817 1980 determinate-3¹
857 1909 907 1965 sed
942 1909 1000 1964 sire
1034 1907 1121 1966 faeiat
1182 1901 1184 1904 ’

217 1994 292 2066 quod
317 1994 415 2050 melius
442 2001 485 2052 est
510 1997 568 2052 sive
596 1997 729 2064 alterum,
759 1993 860 2055 debere
890 1993 982 2049 facere
1011 1993 1120 2050 dicauit

217 2079 292 2149 quod
309 2079 392 2148 faeit3
413 2085 441 2134 et
457 2079 481 2133 si
496 2078 567 2134 fauit
578 2080 652 2150 quod
663 2078 761 2134 melius
774 2083 824 2147 est,
839 2078 992 2148 praemium
1004 2079 1120 2150 habeat3

168 2164 203 2216 11·
216 2167 283 2238 qnia
308 2171 406 2236 sponte
431 2163 481 2216 dat
500 2163 574 2233 quod
592 2179 673 2216 suum
697 2166 746 2216 est
787 2161 860 2218 Nam
884 2177 948 2216 eum
974 2163 1120 2236 virginitas

217 2239 313 2307 melier
336 2251 372 2304 sit
395 2246 543 2318 coniugio,
568 2252 696 2306 neutrum
720 2251 813 2301 tamen
834 2247 869 2303 ab
893 2245 1004 2304 homine
1029 2250 1122 2305 deter-

215 2334 320 2390 minata
346 2332 479 2404 exigitur3
506 2333 555 2388 sed
573 2338 601 2388 et
625 2333 673 2404 qui
692 2331 820 2404 coniugio
838 2333 879 2387 uti
897 2334 990 2406 etqui
1007 2334 1120 2406 virgini·

215 2425 301 2475 tatem
326 2435 436 2475 servare
456 2419 575 2489 mavult,
594 2418 675 2491 quod
699 2419 767 2474 facit
784 2417 884 2476 debere
901 2418 993 2474 faeere
1011 2419 1120 2475 dieitur.

167 2502 198 2553 12
215 2504 304 2560 Neruo
326 2505 400 2560 enim
424 2502 613 2578 virginitatem
634 2505 692 2559 sive
716 2502 876 2575 coniugium
893 2503 961 2558 dicit
979 2503 1045 2574 eligi
1057 2520 1119 2558 non

217 2587 331 2659 debera
349 2589 398 2646 sed
416 2589 541 2658 dicimus,
559 2587 625 2660 quia
643 2589 717 2661 quod
736 2589 843 2644 mavult
859 2589 949 2658 homo,
969 2595 1118 2660 antequam

215 2671 320 2742 aliquid
337 2673 436 2729 horum
458 2679 576 2744 statuat,
603 2673 657 2732 hoe
681 2673 763 2730 debet
781 2673 889 2745 facem
920 2680 948 2730 et
966 2673 989 2728 si
1006 2673 1119 2746 virgini·

215 2761 301 2811 tatem
326 2764 434 2828 servat,
460 2776 511 2830 pro
536 2765 687 2830 spontaneo
713 2775 827 2814 munere
853 2758 929 2832 quod
954 2757 1035 2814 offert
1057 2758 1119 2813 Deo

167 2842 199 2895 1³
214 2841 366 2912 praemium
396 2850 532 2916 expectat.
580 2844 650 2899 Cum
682 2861 749 2916 erga
782 2851 936 2900 creaturam
962 2843 1030 2898 dieis
1057 2841 1119 2897 Deo
1190 2867 1198 2886 ι

217 2925 319 2982 debere
338 2928 412 2998 quod
429 2929 527 2984 melius
551 2930 603 2985 seit
618 2935 654 2986 ¹et
676 2935 782 3000 potest,
807 2931 831 2984 si
856 2928 989 3000 intelligis
1014 2943 1047 2982 ex
1071 2927 1118 2984 de·

215 3011 276 3068 bito
295 3016 324 3068 et
340 3027 401 3066 non
414 3013 555 3086 subaudis,
573 3015 597 3069 si
613 3015 691 3070 Deus
706 3015 796 3086 iubet,
815 3033 870 3070 non
888 3018 931 3070 est
947 3027 1055 3084 semper
1072 3027 1119 3068 ve·

216 3113 285 3154 rum.
312 3095 475 3168 Siquidem,
497 3104 531 3154 ut
556 3098 628 3169 dixi,
651 3117 708 3156 non
731 3100 814 3158 debet
831 3100 913 3156 homo
931 3097 1119 3170 virginitatem

167 3185 200 3238 14
217 3200 251 3239 ex
268 3182 371 3253 debito,
394 3181 443 3238 sed
464 3183 488 3238 si
506 3183 626 3254 mavult,
651 3185 735 3242 debet
758 3184 801 3240 nti
824 3177 960 3256 coniugia.
996 3179 1077 3247 Quod
1094 3181 1119 3238 si

215 3272 245 3324 ts
263 3274 355 3326 movet
371 3267 487 3324 verbum
509 3269 584 3342 quod
610 3275 652 3326 est
674 3269 790 3338 debers,
812 3284 864 3323 nee
888 3275 968 3340 potes
990 3267 1061 3324 illud
1077 3267 1118 3321 in·
1162 3278 1168 3286 '

216 3353 342 3427 telligere
361 3353 421 3410 sine
444 3353 537 3424 aliquo
563 3353 673 3425 debito,
694 3353 778 3422 seito,
805 3350 871 3424 quia
887 3352 961 3408 sieut
982 3350 1119 3422 eontingit
