2640 3816
370 309 447 369 cult
465 311 565 370 Datis
585 313 704 373 Hono.
718 305 777 394 jn.
798 280 861 372 rea.
877 315 904 370 a.
1053 319 1094 385 7?

188 481 274 538 vitam
298 501 377 538 suam
400 492 432 540 ut
461 501 603 557 nunquam
633 490 799 556 moreretur,
830 485 1012 542 dubitandum
1037 504 1094 543 non
1142 493 1147 498 '
1181 545 1183 551 ,

190 573 232 623 est
251 569 317 640 quia
335 588 442 643 semper
464 571 591 644 habuit1)
614 577 780 644 potestatem
805 571 947 638 servandi3
968 571 1093 642 quamvis

187 655 342 725 nequiverit
359 656 432 713 velle
450 674 567 726 servare,
585 663 617 712 ut
633 674 775 728 nunquam
793 663 957 726 moreretur,
983 662 1011 712 et
1027 674 1094 728 quc·
1145 709 1150 716 .

189 738 264 796 niam
283 741 336 797 hoc
362 743 490 814 aseipso
513 743 612 799 habuit
632 747 666 798 ut
688 743 795 798 scilicet
821 742 892 798 velle
918 759 974 796 non
992 749 1093 814 posset,

145 839 147 845 ⁴
189 842 245 880 non
259 829 425 884 necessitate
444 829 493 884 sed
510 828 600 884 libera
617 835 755 901 potestate
767 829 887 883 animam
901 845 978 902 suam
992 827 1092 898 posuit.

189 911 258 968 Boe.
293 914 357 970 Non
380 907 490 968 omuino
513 915 616 970 similes
633 915 747 970 fuerunt
772 913 801 968 in
818 913 866 968 illo
884 915 954 970 istae
971 918 1093 986 potesta·
1111 916 1126 965 7
1144 963 1147 971 .

187 1004 238 1068 tes,
258 999 408 1055 mentiendi
433 999 539 1056 seilicet
563 1005 591 1067 et
609 997 738 1055 servandi
764 997 859 1052 vitam.
893 999 939 1054 Ibi
958 1001 1031 1073 enim
1051 1017 1092 1056 se·

188 1086 289 1158 quitur,
309 1086 376 1158 quia
395 1085 419 1140 si
438 1086 531 1156 vellet,
550 1091 644 1157 posset
661 1083 788 1155 mentiri3
804 1081 850 1138 hic
864 1090 957 1140 autem
973 1084 1092 1156 ridetur,

188 1171 254 1240 quia
273 1171 297 1224 si
316 1172 459 1250 morinen
477 1169 606 1235 vellet,²)
629 1186 686 1246 non
705 1169 793 1240 magis
811 1170 864 1224 hoc
880 1175 985 1240 posset,
1009 1188 1093 1242 quam
1143 1224 1146 1230 ,

187 1260 280 1324 posset
306 1273 362 1310 nou
387 1273 447 1312 esse
471 1255 630 1328 quoderat
665 1255 738 1312 Nam
756 1253 792 1310 ad
813 1253 944 1310 hocerat
959 1254 1041 1310 homo
1061 1260 1093 1309 ut
1111 1247 1126 1298 3
1147 1313 1149 1318 ,

188 1347 347 1411 moreretur,
366 1348 394 1396 et
412 1347 524 1413 propter
540 1341 622 1396 huius
642 1342 751 1396 futurae
769 1339 863 1395 mortis
880 1339 964 1395 fidem
983 1339 1017 1396 dc
1029 1339 1092 1396 Vir·
1142 1347 1147 1354 ’

188 1425 253 1499 gine
269 1427 360 1497 potuit
378 1428 496 1492 assumi,
520 1426 592 1482 sieut
611 1445 695 1500 supra
713 1425 814 1481 dixisti.
850 1427 919 1480 Aac.
955 1425 1094 1490 Quemad-
1110 1418 1126 1468 9

186 1511 299 1566 modum
314 1518 397 1582 putas
422 1513 501 1568 illum
529 1530 586 1568 non
605 1511 727 1584 potuisse
744 1529 801 1566 non
820 1512 889 1566 mori
908 1517 957 1566 aut
974 1511 1092 1566 necessi-

188 1602 246 1652 tate
266 1602 406 1652 mortuum
424 1615 492 1666 esse,
511 1599 577 1670 quia
594 1617 649 1654 non
666 1597 759 1668 potuit
775 1614 831 1650 non
851 1615 911 1652 esse
928 1597 1092 1666 quoderat,
1133 1641 1146 1670 s

189 1681 229 1736 ita
248 1688 328 1754 potes
346 1693 467 1736 asserere
485 1683 565 1749 illum
582 1699 641 1738 non,
657 1681 781 1754 potuisse
797 1680 869 1738 velle
886 1700 941 1736 non
958 1681 1027 1736 mori
1045 1687 1094 1735 aut

187 1767 352 1822 necessitate
375 1768 444 1821 mori
466 1769 601 1838 voluisse,
629 1769 760 1840 qnoniam
781 1766 857 1838 quod
879 1774 939 1822 erat
959 1783 1016 1821 non
1033 1782 1093 1821 esse

99 1913 100 1918 ἵ
187 1853 373 1922 ηοπροῐιιίη
402 1855 551 1910 nonenim
575 1854 665 1927 magis
687 1853 748 1925 ipsc
767 1853 858 1908 iactus
881 1857 924 1906 est
947 1851 1029 1907 homo
1056 1851 1092 1905 ad
1148 1905 1154 1919 ‚

185 1938 238 1993 hoc
263 1944 295 1993 ut
322 1944 482 2006 moreretur,
511 1955 595 2009 quam
625 1945 658 1993 ut
686 1938 771 1994 vellet
804 1937 880 1993 mori.
917 1935 1092 2008 Quapropter
1112 1933 1156 1983 10'

186 2023 259 2079 sicut
272 2043 328 2080 non
342 2023 425 2080 debes
438 2023 538 2094 dicere,
558 2023 624 2095 quia
640 2042 696 2080 non
708 2024 799 2096 potuit
810 2040 866 2078 nen
879 2022 950 2078 velle
962 2023 1030 2078 mori
1042 2015 1093 2077 aut
1169 2015 1172 2024 ’

185 2110 350 2166 necessitate
367 2109 455 2165 voluit
472 2109 556 2176 mori,
577 2110 617 2165 sic
634 2127 692 2165 non
709 2117 752 2165 est
769 2109 931 2179 dicendum,
952 2108 1091 2181 quianon

185 2195 278 2264 potuit
288 2212 344 2249 non
355 2195 424 2250 mori
436 2201 486 2251 aut
497 2197 661 2274 necessitate
673 2202 797 2252 mortuus
808 2203 855 2252 est
873 2195 940 2250 Boa.
954 2193 1014 2248 ime
1024 2211 1090 2265 quo·
1109 2190 1140 2242 ll

185 2279 260 2333 niam
274 2280 363 2334 eidem
377 2281 523 2336 subiacent
534 2282 642 2348 rationi,
654 2283 760 2338 scilicet
774 2283 879 2338 etmori
892 2288 920 2338 et
930 2280 1002 2336 velle
1013 2279 1090 2348 mori,
1151 2329 1154 2338 .

185 2369 333 2436 utrumque
350 2365 462 2436 videtur
478 2365 508 2420 in
527 2366 576 2422 illo
592 2365 757 2422 necessitate
770 2365 863 2422 fuisse.
889 2368 959 2421 Aua.
978 2366 1046 2430 Quis
1061 2380 1090 2418 se
1110 2360 1156 2412 12⁴

187 2455 285 2521 sponte
302 2451 391 2505 voluit
401 2450 540 2507 hominem
550 2451 650 2522 facere,
665 2457 697 2506 ut
709 2453 805 2507 eadem
818 2449 984 2505 immutabili
995 2445 1098 2504 volun?

80 2555 82 2563 ’
184 2539 243 2590 tate
267 2540 434 2606 moreretur,
462 2539 490 2591 et
517 2554 568 2609 per
593 2535 675 2591 huius
699 2536 784 2593 fidem
811 2533 985 2590 certitudinis
1001 2533 1089 2606 Virgo
1125 2599 1126 2604 ἵ

185 2619 290 2674 munda
306 2617 392 2690 fieret,
411 2621 446 2676 de
466 2639 522 2695 qua
536 2621 618 2676 homo
631 2621 679 2678 ille
691 2620 896 2677 assumeretur?
924 2621 993 2674 Bos.
1011 2619 1089 2674 Deus
1152 2621 1155 2628 “
1199 2619 1202 2631 “

184 2705 274 2759 Filius
291 2703 354 2760 Dei.
389 2706 458 2760 Aac.
484 2705 584 2762 Nonne
602 2714 784 2762 monstratum
804 2712 846 2762 est
863 2707 991 2777 supra,³)
1015 2703 1089 2778 quod
1111 2708 1155 2769 13,

185 2789 240 2845 Dei
260 2789 388 2844 voluntas
414 2791 493 2845 nulla
518 2791 627 2862 cogitur
651 2793 832 2861 necessitate,
865 2790 914 2846 sed
944 2789 1003 2862 ipse
1031 2791 1089 2858 se⁴)
1152 2795 1156 2801 ’

184 2880 339 2946 spontanea
357 2891 408 2929 sua
428 2882 519 2931 servat
537 2877 770 2946 immutabilitate,
789 2875 902 2948 quando
921 2875 1022 2930 dieitur
1039 2875 1089 2930 ali-

129 2958 131 2962 ’
185 2958 253 3032 quid
279 2960 446 3016 necessitate
474 2959 585 3016 facere?
620 2963 688 3015 Bos.
723 2960 797 3016 Vere
815 2961 1011 3024 ¹monstratum
1034 2963 1088 3042 ,esu
1192 3013 1195 3021 Δ

252 3166 281 3230 1)
301 3165 513 3222 suaerat».
754 3217 757 3222 .

251 3233 279 3302 2)
296 3237 371 3290 mori
385 3252 441 3320 aaa
457 3235 539 3290 uellet
555 3233 613 3291 Aa
629 3264 664 3274 -
682 3252 738 3290 coa
758 3234 833 3290 mori
847 3234 936 3291 aetla.

250 3304 664 3442 didpsiascrtachdE
685 3371 747 3430 Pa,
