2640 3816
82 85 255 194 lot?
453 175 456 180 .

86 219 332 348 stodes
555 249 559 260 ·

96 375 266 488 1857

37 603 45 632 .
100 515 262 670 cop-S

254 1145 257 1152 ·
329 1107 699 1206 Pbldlfflb
731 1109 1061 1206 lllll'l'lllllS.
1169 1159 1174 1167 ·

614 1385 780 1398 m

217 1523 258 1608 S.
282 1545 468 1632 Anselmus,
498 1545 760 1613 scholasticorum
788 1544 952 1612 doctorum
980 1544 1174 1632 princepsa

217 1657 246 1702 a.
271 1637 352 1703 1033
377 1638 411 1704 in
430 1641 578 1722 Augusta
598 1639 765 1704 Praetoria
784 1637 915 1704 civitate
935 1637 1177 1705 Pedemontana

217 1728 312 1786 natus
344 1730 394 1790 est
425 1723 613 1808 parantibus
645 1728 679 1786 et
709 1722 831 1789 divitiis
863 1730 896 1788 et
928 1723 1028 1788 nobili
1057 1741 1176 1806 genere

215 1806 406 1890 insignibus.
454 1808 552 1874 Pater
579 1805 708 1892 quidem
739 1805 918 1873 Gundulfus
950 1827 1056 1872 rerum
1086 1805 1176 1870 fami-

216 1890 343 1956 liarium
371 1891 549 1958 incuriosus
579 1911 639 1958 neo
666 1897 733 1956 tam
752 1892 870 1976 'largus
895 1911 992 1974 quam
1011 1889 1176 1976 prodigus,

215 1996 295 2125 dm
330 1977 469 2062 nogotiis
505 1975 725 2056 saecularibus
765 1976 996 2049 instituendum
1032 1976 1177 2058 neglexit

239 2060 333 2147 lium,
360 2068 464 2128 mator
489 2071 597 2128 autam
618 2062 837 2146 Ermonberga
858 2060 971 2128 officiis
992 2060 1175 2126 domesticis

216 2147 316 2230 probe
345 2146 455 2213 functa
485 2146 560 2213 indo
593 2168 614 2212 a
644 2145 748 2233 prima
778 2147 918 2232 pucritia
944 2145 1031 2211 illius
1063 2152 1176 2230 pectus
1272 2197 1273 2202 1

215 2231 339 2380 pietate
373 2232 495 2298 studuit
526 2233 678 2298 imbuere.
731 2232 771 2296 In
802 2231 1006 2315 disciplinam
1038 2229 1176 2294 traditus

230 2317 392 2401 itcrasque
415 2316 564 2402 edoctus,
593 2337 690 2401 quum
712 2316 852 2382 nondum
875 2316 1037 2400 attigisset
1059 2314 1176 2378 aetatis

217 2419 336 2465 annum
357 2402 503 2484 quintum
530 2401 700 2486 decimum,
729 2402 767 2465 A.
790 2399 830 2466 da
851 2400 938 2466 vitae
960 2399 1176 2482 monachicae,

216 2504 315 2634 guam
328 2486 399 2552 Deo
420 2487 559 2552 maxime
575 2485 809 2571 acceptabilem
830 2483 1035 2568 existimavit,
1057 2503 1177 2568 genere

239 2569 389 2654 eligendo
410 2574 545 2638 multum
567 2593 605 2637 ao
630 2583 702 2638 oum
717 2570 831 2637 ardore
847 2570 985 2654 quodam
1006 2569 1176 2653 cogitauit3

145 2745 147 2750 Ι
217 2675 329 2720 verum
362 2674 420 2740 spe
454 2657 637 2742 frustratus,
670 2656 737 2722 fore
763 2661 805 2748 ut
837 2661 947 2721 contra
978 2654 1178 2720 voluntatem

291 2829 317 2890 1)
335 2824 392 2880 Cir.
413 2826 554 2880 Esdram·
570 2823 702 2879 (lantum.
722 2821 851 2876 Monaobi
868 2820 935 2877 Ord
954 2821 981 2878 S.
999 2821 1104 2877 Boned.
1120 2819 1178 2901 [qui

219 2893 246 2952 S
265 2894 335 2949 Ans.
355 2893 465 2948 auditor
493 2899 521 2948 et
542 2893 694 2963 discipulus
718 2891 916 2971 exiliornmque
944 2897 972 2946 et
990 2891 1116 2946 laborum
1135 2907 1180 2942 me

219 2962 349 3017 dividuus
369 2980 462 3018 eomes
485 2959 561 3034 fuitl,
586 2961 664 3016 testis
686 2959 743 3015 fida
765 2959 832 3013 satis
852 2959 930 3031 digni
946 2959 1043 3029 ‚,Libri
1060 2959 1124 3013 Duo
1142 2958 1178 3014 de

218 3032 286 3088 Vita
298 3032 326 3088 S.
339 3031 482 3087 Ansclmi“
499 3047 551 3085 neo
568 3047 625 3084 non
643 3027 785 3098 „Historia
801 3029 966 3084 Novorum.“
986 3029 1029 3083 ed
1040 3027 1130 3082 Maur.
1143 3057 1178 3065 -

219 3101 285 3168 ‚Da
308 3103 333 3156 I.
357 3102 392 3156 A.
416 3101 553 3154 Mb'bler’a
579 3097 766 3153 Gesammclto
790 3097 928 3153 Schriften
950 3098 1009 3151 und
1034 3097 1177 3150 Aufaiitze.

219 3141 357 3241 idemusg.
382 3188 408 3223 v.
433 3168 604 3239 Dbllinger.“
640 3166 747 3221 Ratisb.
774 3172 839 3222 1839
868 3184 908 3236 sq.
934 3165 957 3234 1,
979 3171 1003 3235 3,
1030 3173 1062 3220 32
1081 3181 1121 3234 sq.
1142 3191 1178 3203 -

219 3239 352 3321 ‚,Ansalm
375 3255 429 3320 von
452 3236 636 3308 Canterbury.
672 3235 844 3307 Dargestallt
867 3251 922 3289 von
945 3237 979 3288 F.
1006 3235 1042 3287 R.
1059 3232 1177 3312 Haasef‘

218 3307 507 3432 acrama
612 3305 819 3446 samaras
843 3320 961 3375 own
984 3319 1056 3356 ur
