2640 3816
215 280 261 350 54
396 277 425 336 S.
443 276 614 336 ANSELMI
629 273 942 336 tarwanensis

185 481 200 534 1
296 449 338 536 30
388 481 459 538 Aac.
493 479 578 538 Unde
597 484 693 550 aperte
711 479 880 551 quandoque
895 479 992 536 lutura
1007 485 1131 536 mortuo·

216 585 280 624 ram
308 565 474 624 resurreetio
509 563 652 635 probatur.
697 563 809 636 Quippe
835 565 860 620 si
892 564 975 622 bomo
1004 565 1130 637 perfetta

218 651 416 710 restaurandus
433 655 483 719 est,
499 647 566 704 talis
587 648 672 705 debet
691 650 809 720 restitui,
829 649 919 722 qualis
936 647 1048 706 futuras
1059 654 1131 718 erat,

184 739 243 793 tsi
265 753 321 794 non
346 738 497 808 peccasset
533 735 603 790 Boe.
637 733 729 790 Aliter
757 751 818 791 esse
841 751 899 792 non
922 739 1022 806 potest
1057 735 1131 792 aas.

218 819 460 890 Quemadmodum
474 819 562 891 ign‘tur
579 819 604 874 si
620 837 677 875 non
687 825 833 892 peccasset
845 819 935 891 homo,
952 836 1020 898 ‘oum
1031 819 1130 876 codem

219 909 297 982 quod
325 905 442 980 gerebat
471 921 586 976 corpore
614 906 645 962 in
674 904 964 976 incorruptibilitatem
992 909 1136 977 usnemu--

218 993 322 1049 taudus
342 997 415 1061 erat,
435 990 476 1046 ita
493 995 617 1063 oportet,
634 995 667 1046 ut
684 1007 748 1046 sum
765 989 980 1060 restaurabitur,
998 1005 1062 1046 cnm
1078 1005 1131 1044 suo

187 1078 250 1136 tin
279 1093 335 1150 quo
366 1075 436 1132 vivit
463 1075 493 1131 in
522 1076 576 1132 hac
607 1074 668 1131 vita
697 1092 812 1147 corpore
842 1081 1018 1131 restauretur.
1061 1078 1131 1130 Bos.

200 1201 202 1208 ι
220 1163 296 1231 erid
312 1160 559 1235 respondebimus,
584 1160 688 1232 siquis
707 1161 798 1227 dieat,
816 1159 884 1232 quia
903 1160 957 1216 boo
973 1160 1035 1216 fieri
1051 1177 1132 1232 opor-

221 1249 317 1306 tetdo
336 1247 392 1304 illis
410 1246 561 1319 inquibus
580 1245 733 1301 humanum
750 1262 839 1318 genus
858 1245 1072 1316 restaurabitur,
1095 1245 1132 1302 de

187 1334 346 1406 treprobis
364 1349 431 1390 vero
448 1347 505 1387 non
528 1335 572 1386 est
595 1331 728 1386 necans?
762 1321 833 1388 Ass.
867 1329 945 1388 Nihil
960 1330 1061 1386 iustius
1082 1335 1133 1387 aut

196 1417 431 1474 -convenientius
457 1415 636 1486 intelligitur,
659 1432 744 1488 quam
760 1421 806 1486 ut,
830 1416 903 1471 sicut
926 1415 1010 1471 homo
1027 1416 1052 1472 si
1068 1431 1134 1487 per·-

221 1507 375 1560 severasset
397 1501 428 1558 in
449 1499 570 1570 iustitis,
592 1505 667 1558 totus
689 1501 708 1557 i.
726 1517 751 1558 e.
777 1500 870 1556 anima
894 1504 923 1556 et
947 1516 1063 1571 corpore
1085 1516 1131 1556 ae-

219 1593 299 1646 terne
314 1586 415 1643 beatus
434 1591 520 1659 esset,
543 1585 584 1642 ita
606 1585 639 1642 si·
653 1591 813 1656 perseverat
837 1585 868 1642 in
887 1585 1036 1656 iniustitia,
1054 1590 1132 1642 totus

220 1673 348 1730 similiter
369 1678 480 1730 aetmne
504 1670 588 1728 miser
614 1671 658 1728 eit
694 1672 763 1728 Bos.
798 1670 925 1728 Breviter
945 1671 1014 1728 mihi
1036 1673 1072 1729 de
1087 1671 1132 1728 bia

221 1758 389 1818 satisfecisti.
1126 1791 1133 1806 .

189 1950 203 2005 1
302 1913 344 2004 4,
395 1948 468 2004 Aac.
501 1945 545 2001 Ex
568 1945 612 2000 his
631 1947 675 2000 est
690 1941 774 2000 facile
791 1959 972 2018 cognoscere,
1000 1946 1133 2020 quoniam

222 2037 273 2090 aut
288 2032 342 2088 hoo
361 2031 397 2089 de
413 2032 536 2088 humana
559 2035 661 2086 natura
686 2029 813 2100 perficiet
830 2031 909 2086 Deus
927 2030 1004 2103 quod
1019 2031 1132 2104 incepit,
1187 2077 1191 2087 .

222 2117 322 2173 autin
341 2133 445 2172 vanum
467 2114 534 2170 feeit
555 2120 614 2169 tam
638 2113 786 2170 subiissem
808 2121 938 2172 naturam
961 2117 1000 2172 ad
1022 2121 1135 2173 tentum

189 2202 336 2258 lbonum.
370 2201 412 2257 At
433 2201 458 2255 si
480 2198 551 2254 nihil
572 2199 720 2272 pretiosius
747 2199 910 2272 agnoscitur
931 2201 1009 2258 Deus
1032 2202 1135 2260 lecim

224 2303 309 2360 qnam
324 2285 490 2342 rationalem
510 2290 639 2340 natmum
663 2285 701 2340 ad
723 2284 903 2358 gaudendum
928 2287 964 2342 de
984 2305 1027 2358 se,
1051 2289 1139 2348 valde

223 2372 346 2430 ebenum
365 2375 408 2426 est
425 2370 462 2426 ab
488 2387 534 2441 co,
559 2377 592 2428 ut
613 2371 702 2428 ullam
727 2370 893 2426 rationalem
909 2377 1038 2430 naturam
1056 2372 1135 2445 peni·

223 2465 270 2514 tus
286 2454 477 2529 perissemus
512 2458 582 2514 Bos.
617 2457 683 2514 Non
698 2461 793 2527 potest
810 2455 892 2512 aliter
909 2463 1009 2529 putare
1026 2475 1075 2514 cor
1091 2475 1134 2514 rm

190 2541 336 2601 ttionale.
371 2543 442 2598 Ass.
477 2539 598 2597 Necesse
621 2545 664 2594 est
684 2557 765 2612 ergo,
791 2545 825 2596 ut
841 2540 877 2597 de
895 2541 1018 2600 humana
1033 2549 1136 2601 natura

224 2627 351 2698 perficiat
370 2625 446 2698 quod
464 2625 585 2697 incepit,
612 2624 666 2680 hoe
689 2631 783 2681 sutem
808 2624 882 2697 fieri,
907 2627 982 2685 sicut
1007 2629 1135 2699 diximus,

196 2712 323 2782 ‘nequit
338 2712 394 2768 nisi
418 2728 470 2785 per
493 2711 631 2784 integram
659 2712 769 2782 peccati
792 2711 1024 2787 satisfauionem,
1051 2732 1136 2787 quarn

190 2796 319 2856 inullus
341 2805 471 2868 peccator
493 2798 588 2854 facere
611 2801 712 2869 potest
748 2797 818 2853 Boe.
852 2796 985 2872 Intelligo
1008 2801 1065 2856 iam
1087 2817 1136 2856 nes

224 2895 303 2936 cesse
325 2895 401 2953 esse,
429 2887 463 2940 ut
486 2883 565 2939 Deus
591 2881 729 2954 perficiat
745 2881 822 2954 quod
850 2882 967 2955 incepit,
996 2901 1033 2941 ne
1054 2885 1138 2941 aliter

225 2979 311 3042 quem
330 2965 429 3024 deceat
443 2985 462 3023 a
481 2985 532 3024 suo
551 2969 679 3040 incoepto
692 2966 825 3042 ¹videatur
843 2967 970 3026 deficere.

192 3172 206 3224 1
302 3136 345 3223 50
393 3169 465 3228 Bos.
499 3169 556 3227 Sed
573 3171 598 3226 si
617 3169 659 3228 ita
675 3177 726 3243 est,
750 3171 863 3230 videtur
880 3173 961 3244 quasi
977 3173 1041 3246 eogi
1057 3173 1137 3229 Deus

224 3255 394 3311 necessitate
421 3253 530 3310 vitandi
557 3256 759 3328 indecentiam,
795 3264 828 3313 ut
860 3255 977 3314 minum
1006 3261 1138 3331 procuret

190 3338 383 3398 thummim
437 3337 582 3406 Quomodo
615 3359 682 3414 ergo
699 3342 811 3414 ,negari
838 3342 957 3414 potuit,
990 3344 1055 3415 plus
1083 3343 1138 3398 hoc
