2640 3816
395 315 473 374 cua
489 313 590 374 onos
608 313 727 372 nouo.
762 315 785 370 1.
804 321 844 372 ro.
863 319 905 372 21.
986 281 998 342 ’-
1058 314 1105 380 ’43

198 490 302 560 mns,¹)
331 490 444 562 quando
469 489 529 546 sola
556 489 678 558 ratione,
707 491 801 542 utrum
827 485 964 542 adventus
989 486 1105 543 eiusad

199 576 379 632 salvationem
406 575 549 631 hominum
578 581 651 630 esset
674 573 861 642 necessarius,
889 588 1022 643 quaerere
1043 591 1106 644 pro-

198 662 349 734 posuimus.
384 665 451 717 Boe.
487 662 532 716 Ita
551 660 677 716 fecimus.
711 660 782 715 Aoo.
814 658 881 715 Sola
896 657 982 729 igitur
998 658 1106 714 ratione
1125 663 1156 719 18

196 749 387 819 procedamus.
423 749 491 802 Boo.
526 746 659 812 Quamvis
682 745 712 800 in
736 745 879 817 angustias
903 745 1039 816 quasdam
1062 760 1106 800 me

199 834 301 904 ducas,
318 833 446 889 desidero
461 839 556 888 tamen
573 832 706 900 ιιιιιΙιιιιιι,
723 835 770 900 ut,
791 828 864 884 siout
882 829 1025 900 incepisti,
1042 847 1107 901 pro·

107 947 114 970 s
199 919 342 991 gradiaris.

275 1059 343 1145 21·
395 1093 464 1144 Ana.
500 1089 641 1144 Ponamus
663 1087 757 1142 omnia
775 1087 838 1156 illa,
865 1105 937 1159 quae
956 1089 1039 1145 modo
1056 1104 1136 1160 po-1

198 1178 279 1234 suisti
301 1183 330 1232 te
351 1191 403 1248 pro
427 1181 544 1248 peccato
569 1190 650 1246 posse
680 1173 798 1244 solvere,
821 1179 850 1229 te
871 1191 927 1229 non
954 1174 1055 1230 debere
1077 1179 1106 1229 et

197 1265 351 1334 videamus,
370 1270 463 1320 utrum
479 1259 588 1333 possint
605 1258 734 1314 sufficere
748 1260 783 1314 ad
796 1259 1012 1315 satisfactionem
1022 1261 1106 1316 nnius

198 1359 257 1409 tam
279 1350 359 1422 parvi
383 1349 507 1421 peceati,
533 1346 616 1403 sicuti
640 1351 682 1402 est
704 1363 777 1402 unus
796 1349 925 1416 aspectus
945 1349 1042 1401 eontra
1058 1364 1107 1402 vo·
1209 1347 1210 1350 ’

199 1438 335 1494 luntatem
350 1436 413 1492 Dei.
448 1438 517 1490 Boo.
551 1432 614 1490 Nisi
638 1432 704 1505 quia
728 1432 813 1488 audio
828 1437 863 1488 te
884 1433 937 1486 hoo
958 1449 1062 1506 ponere
1076 1433 1140 1489 in2

199 1525 403 1599 quaestionem,
425 1527 554 1594 putarem
579 1535 624 1574 me
644 1518 698 1575 hoo
717 1525 864 1589 peecatum
881 1535 939 1583 una
956 1518 1016 1574 sola
1033 1535 1107 1574 eom·

198 1609 351 1682 punctione
380 1609 480 1663 delere.
523 1607 593 1660 Aoo.
627 1603 758 1660 Nondum
783 1603 977 1668 considerasti,
1009 1604 1106 1676 quanti

199 1696 330 1768 ponderis
349 1694 387 1748 sit
407 1696 561 1763 peooatum.
596 1692 664 1744 Boo.
694 1687 776 1743 Nune
793 1688 908 1743 ostende
925 1689 1001 1744 mihi.
1036 1690 1140 1744 Arm.3

201 1779 231 1836 Si
256 1778 365 1834 rideres
388 1782 417 1831 te
439 1777 469 1830 in
493 1781 645 1846 conspeetu
661 1772 716 1829 Dei
738 1778 767 1827 et
794 1771 895 1844 aliquis
917 1773 971 1829 tibi
988 1775 1107 1829 diceret:

198 1865 294 1936 aspice
310 1863 387 1932 ilino,
413 1867 442 1917 et
457 1861 536 1916 Deus
554 1866 681 1916 eooutra:
706 1859 865 1915 nullatenus
881 1859 961 1930 volo,
983 1864 1016 1914 ut
1035 1859 1107 1931 aspi-

200 1951 272 2020 eias3
302 1964 406 2020 quaere
422 1954 455 2001 tn
470 1946 532 2018 ipse
550 1947 580 2002 in
598 1944 762 2015 cordetuo,
787 1945 855 2017 quid
876 1944 913 2000 sit
931 1945 961 2001 in
979 1944 1108 2001 omnibns

200 2053 274 2110 quae
291 2039 365 2103 sunt,
383 2049 434 2103 pro
452 2050 507 2105 quo
524 2033 641 2090 deberes
659 2038 756 2088 eontra
769 2031 940 2087 voluntatem
957 2030 1011 2087 Dei
1028 2031 1107 2086 illum

200 2127 344 2192 aspectum
361 2119 476 2176 facere?
510 2123 579 2175 Boo.
607 2117 685 2176 Nihil
703 2117 814 2174 invenio
830 2122 945 2189 proptor
963 2119 1038 2190 qnod
1054 2118 1107 2174 hoo
1124 2119 1142 2170 4

202 2206 332 2276 debeam,
363 2203 418 2259 nisi
441 2204 515 2260 forte
541 2205 594 2260 sim
620 2205 650 2259 in
675 2221 710 2260 ea
735 2204 902 2260 necessitate
926 2203 1047 2274 positus,
1075 2209 1108 2260 ut

201 2289 238 2346 sit
268 2307 383 2346 neeesse
415 2305 460 2344 me
488 2297 537 2346 aut
562 2290 616 2346 hoo
645 2297 694 2346 aut
719 2290 808 2345 maius
834 2295 982 2361 peceatum
1005 2291 1107 2346 faeere.

202 2375 272 2431 Aoo.
291 2375 412 2431 Remove
429 2375 502 2432 hano
520 2377 720 2446 necessitatem,
740 2381 768 2432 et
787 2375 822 2431 de
842 2375 902 2431 solo
918 2375 972 2430 hoe
990 2375 1140 2446 peooat05

202 2460 360 2530 considera,
384 2461 408 2514 si
433 2461 524 2532 possis
546 2461 618 2516 illud
638 2462 731 2517 facere
751 2479 803 2532 pro
825 2460 914 2532 teipso
937 2461 1107 2516 redimendo.

202 2549 271 2602 Bos.
304 2546 411 2617 Aperte
442 2546 539 2617 video,
569 2548 636 2619 quia
665 2565 721 2603 non
749 2563 871 2617 possum.
906 2547 976 2600 Aoo.
1011 2546 1054 2603 Ne
1079 2550 1141 2602 tet

203 2633 308 2688 diutius
334 2632 508 2703 protraham:
540 2634 621 2704 quid,
650 2634 675 2688 si
707 2649 820 2689 neeesse
845 2637 919 2688 esset
945 2639 994 2687 aut
1018 2637 1108 2687 totum
1182 2643 1184 2647 ’

202 2719 337 2774 mundum
357 2722 385 2772 et
411 2718 548 2790 quidquid
565 2719 644 2774 Deus
660 2736 717 2774 non
733 2724 776 2774 est
792 2718 883 2790 perire
900 2724 928 2773 et
944 2718 973 2773 in
990 2718 1108 2774 nihilum

202 2803 307 2876 redigi,
334 2808 384 2858 aut
409 2803 444 2858 de
463 2803 556 2860 faeere
579 2810 638 2859 tam
655 2820 771 2876 parvam
788 2819 847 2858 rem
867 2807 963 2859 eontra
981 2805 1108 2860 volunta·

201 2889 262 2945 tem'
277 2888 354 2945 Dei?
389 2890 457 2942 Bor.
494 2887 564 2942 Cum
582 2889 725 2946 considero
746 2889 883 2946 actionem
900 2889 1002 2960 ipsam,
1028 2889 1142 2946 levis-7

204 2975 304 3031 simum
323 2974 458 3046 quiddam
474 2973 556 3029 video
574 2989 651 3038 esse3
680 2975 729 3031 sed
751 2992 815 3030 oum
838 2977 962 3046 intueor,
986 2975 1054 3048 quid
1071 2975 1109 3031 sit

206 3209 210 3213 ·
275 3182 300 3248 1)
323 3179 397 3238 Vide
419 3197 491 3264 quae
519 3178 550 3234 in
572 3179 749 3235 Praefatione
775 3197 826 3236 sua
850 3180 877 3238 S.
899 3181 1050 3236 Anselmus
1074 3181 1110 3237 de

205 3248 357 3304 disserendi
384 3255 491 3306 ratione
517 3248 571 3304 sibi
597 3248 720 3304 ineunda
738 3249 852 3305 monuit.
883 3257 1005 3321 „remoto
1030 3249 1109 3305 Chri-

205 3317 275 3373 sto.“
297 3347 333 3358 -
352 3317 409 3374 err.
429 3337 452 3375 a.
472 3324 514 3389 10,
532 3323 579 3374 28:
599 3317 755 3390 „Ponamus
773 3319 829 3375 Dei
848 3319 1109 3376 incarnationem-

203 3402 355 3457 numquam
372 3388 484 3444 fuisse.“
