2640 3816
208 286 251 354 84
391 285 419 342 S.
438 285 607 354 Ausum
625 285 930 345 censuimus

209 458 344 526 Qnonium
365 457 535 512 voiuntetem
557 455 629 510 hane
649 454 707 510 seio
730 473 775 511 me
797 471 910 534 gerne,
936 457 1011 528 quod
1033 456 1106 527 petis

208 561 265 604 uon
281 544 404 616 denego3
429 539 479 599 aed
501 539 568 611 quie
586 538 737 595 defuturis
754 541 875 598 ineertns
894 558 970 610 sum,
992 541 1106 613 promit·

158 637 192 690 35
207 636 267 688 tere
290 647 347 686 non
371 627 461 684 sudeo
484 625 533 682 sed
560 624 615 680 Dei
639 623 812 694 dispositioni
837 624 1010 688 committou
1050 625 1107 682 Sed

209 718 255 774 die
279 733 365 783 nuno,
391 712 459 784 qnid
487 709 541 766 tibi
569 710 605 766 de
631 709 792 782 qusestioue
818 727 901 782 quam
924 710 954 766 in
970 711 1107 782 principio

208 799 388 875 proposuisti,
416 802 529 869 proptor
558 811 642 868 quum
668 795 741 851 eliae
756 796 861 854 mulus
879 813 908 852 ss
924 796 1106 868 ingesserunt

156 888 192 942 dd
208 886 418 961 persolvendum
441 882 583 946 udonem„
612 878 680 936 Bos.
715 881 829 938 Summe
852 882 1020 954 quaestionis
1044 882 1106 951 fnit,

205 986 258 1028 om
276 971 353 1026 Dens
369 967 450 1022 homo
468 965 558 1022 iaetus
576 966 626 1036 ait,
642 971 674 1022 nt
691 983 742 1038 per
759 973 874 1024 mortem
893 984 971 1024 suem
988 968 1108 1024 salvaret

116 1121 118 1126 Ι
207 1055 359 1122 hominem,
381 1069 445 1108 enm
466 1051 521 1108 hoe
544 1051 600 1108 elio
625 1053 707 1108 modo
724 1053 847 1122 potuisse
863 1051 955 1108 foede
971 1052 1106 1116 videatur.

158 1140 190 1194 ³7
207 1140 255 1196 Ad
273 1155 356 1212 quem
374 1144 406 1194 tu
423 1137 518 1193 multis
544 1140 572 1192 ot
588 1137 750 1192 necessariis
767 1136 919 1194 rationibus
936 1137 1106 1206 respondem

208 1223 351 1282 ostendisti
390 1222 619 1280 restaurationem
650 1223 786 1280 humsuee
822 1228 940 1278 naturae
970 1239 1025 1278 non
1058 1223 1106 1278 de·

206 1310 300 1368 banse
320 1325 462 1366 remanere
484 1325 536 1364 nso
559 1309 682 1380 potuisse
707 1308 781 1378 fieri,
806 1307 861 1364 nisi
883 1307 1001 1364 solveret
1023 1306 1107 1364 homo

207 1396 282 1468 qnod
304 1412 355 1467 pro
377 1400 492 1465 peoosto
512 1394 574 1450 Deo
598 1393 732 1463 debebet3
756 1394 832 1465 qnod
853 1391 978 1453 debitum
997 1398 1107 1450 tautum

208 1487 281 1550 nst,
299 1486 332 1535 nt
348 1479 432 1548 illud,
450 1496 513 1536 eum
530 1496 586 1534 non
602 1478 716 1534 deberet
733 1477 839 1532 solvere
856 1477 910 1532 nisi
928 1477 1023 1548 homo,
1049 1495 1106 1534 non

207 1571 302 1638 posset
324 1565 378 1620 nisi
395 1563 488 1633 Deus3
511 1563 552 1620 ita
573 1570 606 1620 ut
627 1563 701 1618 idem
718 1567 791 1618 esset
808 1561 890 1618 homo
909 1563 957 1635 qui
976 1570 1004 1619 et
1019 1564 1106 1620 Deus.

158 1657 191 1710 33
208 1651 291 1709 Unde
312 1665 425 1708 necesso
446 1655 505 1705 erat
527 1654 560 1704 ut
576 1648 654 1704 Dens
675 1654 828 1704 assumeret
846 1648 985 1704 hominem
1001 1649 1030 1702 in
1045 1649 1107 1704 nni·

207 1742 293 1793 tatem
310 1751 456 1807 personae,
482 1742 618 1806 quotenus
635 1734 684 1806 qui
701 1733 731 1788 in
746 1740 847 1788 natura
863 1734 968 1790 solvere
986 1733 1108 1790 debebat

158 1830 192 1883 39
209 1825 237 1877 et
254 1837 311 1876 nou
334 1825 457 1890 poteret,
478 1820 507 1874 in
529 1835 648 1891 persone
665 1824 738 1876 esset
755 1835 827 1890 quae
842 1826 944 1888 posset.
978 1819 1107 1891 Denique

209 1905 274 1976 quie
297 1906 333 1961 de
349 1905 466 1977 Virgine
490 1911 518 1961 et
542 1922 560 1960 e
580 1921 699 1976 persone
715 1904 780 1960 Filii
797 1905 852 1960 Dei
876 1912 949 1962 esset
967 1922 1107 1962 assumen-

209 1990 261 2045 dus
283 1990 365 2046 homo
386 1990 448 2059 ille,
472 1990 521 2060 qui
543 1989 621 2046 Dens
647 1996 734 2059 esset;
761 1995 789 2045 et
808 1990 946 2058 quomodo
967 1991 1026 2047 sine
1043 2009 1106 2063 pee-

209 2080 271 2129 oeto
298 2074 332 2130 de
359 2092 451 2130 measa
475 2075 631 2146 poooutrioe
656 2073 760 2128 assumi
776 2073 913 2145 potnerit,
940 2075 1106 2131 monstrasti

156 2167 191 2220 43
208 2157 304 2215 Vitem
330 2164 422 2214 entem
444 2159 526 2214 huius
551 2157 669 2214 hominis
694 2165 752 2214 tem
770 2159 916 2215 sublimem
932 2166 990 2216 tem
1006 2161 1107 2233 pretio-

208 2261 268 2300 ssm
291 2242 461 2315 apertissime
484 2243 621 2314 probasti,
645 2249 678 2298 nt
700 2243 827 2302 suffioere
842 2245 931 2315 possit
947 2238 983 2301 ed
1000 2247 1107 2302 solven-

209 2331 275 2386 dum
301 2329 376 2400 quod
400 2346 451 2400 pro
476 2329 597 2400 peccetis
620 2330 705 2386 totins
726 2330 823 2386 mundi
844 2330 973 2402 debetur,
997 2338 1025 2388 et
1042 2333 1106 2402 plus

208 2417 237 2470 in
255 2415 400 2471 infinitum.
437 2415 535 2470 Restat
552 2430 619 2487 ergo
641 2433 716 2474 nune
734 2417 887 2487 ostendere,
906 2418 1043 2488 quomodo
1057 2417 1108 2473 ills

208 2502 328 2558 aluntur
345 2502 407 2558 Deo
423 2519 474 2572 pro
492 2501 614 2571 peeostis
630 2501 780 2558 hominum.

279 2876 304 2941 1)
327 2873 498 2932 Retrsctevit
519 2875 591 2930 hano
614 2869 758 2944 materiem
778 2873 809 2931 S.
827 2875 974 2930 Anselmns
993 2847 1105 2932 biennii>

207 2942 293 2998 ferme
309 2949 373 3014 post
390 2944 419 2998 in
436 2944 515 3013 libro,
533 2961 615 3026 quem
632 2949 686 3015 „de
703 2953 834 3014 conceptu
850 2946 987 3014 oiryioale‘
1006 2955 1032 3000 et
1050 2947 1105 3000 ori-

207 3013 301 3082 ginali
311 3015 444 3134 foedato*
467 3013 630 3084 inscriptum
655 3015 692 3069 sd
713 3013 849 3069 Bosonem
870 3013 969 3069 direxit
988 3015 1104 3081 (Gerbe-

207 3099 261 3140 roo
281 3081 329 3136 fo.
347 3086 378 3136 93
401 3083 464 3157 ιφ),
491 3089 519 3138 et
562 3081 655 3138 uidem
684 3082 725 3136 ite
772 3088 807 3138 ut
830 3083 922 3137 Deum
948 3083 1106 3139 monstrarit

207 3151 290 3206 etiem
314 3148 348 3205 de
371 3149 530 3231 peccatricis
580 3151 677 3223 irginis
700 3122 853 3205 substantie
892 3151 1022 3224 quoniam
1039 3169 1104 3206 nns-

208 3233 291 3290 qunm
314 3220 401 3274 sitm
422 3218 538 3273 hominis
562 3225 663 3275 natura
684 3228 794 3302 praeter
818 3226 988 3274 vonntetem
1006 3237 1104 3292 pecen-

207 3289 274 3356 tum,
290 3287 394 3368 prolem
414 3286 542 3344 debuisse
559 3289 674 3358 instem,
691 3305 745 3344 nno
765 3305 821 3344 non
837 3288 891 3342 nisi
909 3287 1024 3360 iustam,
1041 3305 1104 3360 pro-

207 3361 354 3428 po'ganone
371 3374 426 3412 non
445 3356 565 3413 neutrali
581 3360 740 3428 producere.
788 3387 791 3396 Δ
1088 3379 1091 3391 ι
