2640 3816
469 314 689 372 PRAEFATIO
706 313 894 374 EDITORIS.
1120 317 1165 360 vu

139 517 163 554 ,·
203 484 285 553 hacc
306 485 373 554 fere
394 495 469 555 sunt
490 507 573 571 quac
599 485 778 573 praefanda
800 507 872 556 esse
895 485 1073 554 videantur.
1115 485 1165 552 Ac

202 571 340 657 primum
383 572 512 656 quidem
543 572 789 657 investigemus,
836 573 1027 657 quibusnam
1062 574 1164 638 caucia

202 656 336 724 internis
365 657 548 724 externisvc
576 657 733 724 adductus
753 657 792 723 A.
814 658 968 743 scriptum
989 656 1070 724 illud
1090 676 1164 722 ecn-

193 740 323 824 ,fecerit
367 743 438 808 Iam
458 744 602 810 Priorem
622 743 827 828 Bcccensem,
842 763 913 828 'per
933 742 1030 810 fidem
1051 740 1095 806 ad
1116 741 1164 806 in-

203 828 366 894 tellectum
394 826 588 927 proficiendi
622 828 815 913 studiosum,
848 829 914 895 vim
944 827 1165 909 rationemque

121 955 125 964 -
202 913 314 980 mortis
337 911 456 978 Christi
484 913 625 980 vicariae
656 950 699 961 -
714 923 715 926 ’
728 933 769 979 ex
794 934 859 997 qua
884 912 1004 1012 pendet
1024 911 1167 978 humana

203 997 292 1064 salus
315 1033 356 1044 -
378 1004 483 1064 mente
506 999 664 1083 agitasse,
685 1004 775 1083 patet
796 1019 838 1064 ex
860 997 999 1082 Dralcgc
1030 997 1081 1082 ,de
1103 995 1165 1062 Ve-

202 1080 298 1148 ritate
306 1080 335 1166 ,“
361 1083 452 1148 cuius
480 1083 570 1167 origo
597 1083 631 1149 in
652 1103 771 1150 aunum
794 1083 919 1149 circiter
943 1084 1004 1148 106
1046 1087 1096 1148 est
1115 1101 1165 1148 re·

203 1165 352 1252 ferenda,
380 1168 533 1252 cuiusque
553 1167 588 1233 in
609 1168 715 1253 capite
737 1174 851 1236 octavo
874 1174 1031 1251 quatenus
1050 1165 1166 1234 eadem

203 1272 255 1318 rcs
275 1252 393 1319 debeat
419 1273 491 1319 esse
517 1260 551 1320 et
571 1272 635 1319 non
657 1273 730 1320 esse
751 1253 948 1337 edisserens,
977 1252 1061 1318 inter
1082 1251 1181 1324 aliar

80 1343 81 1348 ’
187 1337 380 1422 ,Dominus
402 1338 509 1423 Iesus,
531 1337 661 1437 inquit,
679 1338 756 1422 quia
783 1339 870 1406 solus
902 1338 1055 1406 innocens
1085 1342 1167 1420 erat,

202 1442 268 1488 uon
297 1421 406 1490 debuit
434 1429 567 1489 mortem
594 1429 664 1508 patr
695 1443 755 1489 nec
785 1423 868 1490 ullus
894 1443 966 1489 eam
986 1421 1035 1504 illi
1055 1419 1169 1486 debuit

203 1506 337 1592 inferre,
366 1514 533 1574 ettamen
562 1528 635 1574 eam
664 1508 775 1574 debuit
804 1509 890 1593 pati,
918 1508 994 1593 quia
1022 1505 1093 1592 ipse
1114 1513 1195 1572 sa·'

226 1592 330 1658 ienter
360 1598 392 1657 et
418 1592 557 1677 benigne
584 1601 616 1659 et
644 1594 765 1659 utiliter
786 1593 887 1659 voluit
908 1613 981 1658 eam
1001 1586 1167 1658 sufferre.“

202 1612 400 1742 inlectione
422 1684 530 1742 autem
551 1685 679 1762 patrum
706 1678 863 1745 ecclesiae
884 1676 1003 1746 veteris
1025 1675 1168 1762 (Hilarii,

203 1760 378 1846 Ambrosii,
399 1762 587 1847 Augustini,
609 1763 727 1829 Leonis
748 1763 800 1847 M,
825 1763 973 1847 Gregorii
993 1761 1036 1826 M.
1058 1759 1125 1846 all.)
1149 1759 1165 1844 )

203 1865 396 1930 -quorum
417 1853 491 1931 post
512 1867 537 1912 s.
554 1847 717 1933 apostolos
740 1867 800 1915 nec
820 1867 917 1916 voces
938 1846 1030 1914 flocci
1045 1865 1167 1931 pepen-

202 1930 250 1998 dit
271 1938 304 1997 et
321 1931 462 2014 vestigia
483 1931 536 2016 pie
558 1931 681 1998 studuit
700 1953 846 2018 premere
860 1970 903 1981 -
917 1951 1015 2017 quum
1036 1930 1167 1998 scholae

202 2015 423 2083 monasteriali
442 2017 647 2116 praepositus
668 2019 803 2084 multum
822 2019 969 2102 sudaret,
1001 2015 1042 2082 de
1063 2017 1165 2084 notio-

202 2102 297 2168 nibus
323 2101 529 2168 redemtionis
561 2109 595 2168 et
622 2102 892 2170 reconciliationis
919 2101 1042 2168 invenit
1067 2121 1166 2188 expo-

181 2184 282 2264 sita,
310 2186 344 2252 in
366 2188 480 2271 quibus
506 2187 568 2254 sibi
589 2209 654 2253 non
673 2188 941 2273 acquiescendum
962 2206 1034 2256 esse
1056 2185 1167 2252 existi·

124 2289 132 2308 ⁸
203 2272 313 2337 mevit.
371 2271 526 2351 Quamvis
561 2271 647 2339 enim
679 2293 790 2340 omnes
827 2272 901 2339 inde
933 2273 974 2338 ab
1009 2269 1167 2338 ecclesiae

203 2354 386 2440 primordiis
418 2362 519 2425 testes
550 2356 598 2422 illi
628 2356 773 2424 veritatis
808 2357 959 2442 sanguini
987 2355 1166 2422 Salvatoris

203 2459 268 2506 non
289 2440 452 2524 potuerint
479 2441 545 2506 vim
574 2462 657 2526 quae
687 2443 718 2507 ei
746 2443 880 2510 debetur
910 2440 1167 2528 propitiatoriam

204 2544 243 2590 ac
271 2524 521 2592 satisfactoriam
552 2547 615 2592 non
644 2528 835 2614 attribuere,
865 2527 924 2594 hos
951 2531 1060 2592 tamen
1087 2543 1167 2610 prae

204 2609 279 2676 aliis
300 2609 377 2688 fidei
398 2611 543 2677 articulis
571 2611 769 2678 instituenda
789 2611 823 2678 in
844 2636 953 2678 causas
974 2610 1167 2677 incarnatio

203 2692 255 2761 nis
274 2701 307 2761 et
327 2696 489 2780 passionis
513 2695 632 2763 Christi
659 2717 718 2784 per
739 2697 939 2778 eundemque
961 2702 1167 2780 comparatae

204 2776 343 2848 humano
365 2781 477 2864 generi
506 2781 619 2848 salutis
641 2784 766 2848 modam
787 2781 993 2866 inquisitione
1014 2785 1168 2848 accurata

206 2967 296 3022 dieser
314 2966 478 3037 Beziehung
496 2966 581 3022 reden
600 2967 678 3035 lieet,
695 2983 770 3020 muas
788 2983 855 3022 man
866 2983 968 3024 unsern
980 2964 1168 3024 Scholastiker

207 3037 248 3090 als
276 3036 331 3092 den
359 3043 451 3092 ersten
477 3035 518 3090 Be
555 3038 568 3050 '¹
591 3036 641 3090 der
669 3034 815 3090 desselben
843 3035 1014 3092 betrachtem
1041 3067 1075 3075 -
1102 3033 1168 3090 Vcn

206 3104 303 3160 keiner
326 3104 416 3160 seiner
439 3104 475 3160 Sc
510 3105 515 3118 '
559 3123 578 3158 n
603 3105 673 3159 laert
698 3103 757 3158 sich
781 3121 812 3159 so
835 3105 898 3159 sehr
921 3105 1091 3175 behaupten,
1114 3101 1167 3156 wic

206 3189 262 3227 von
287 3174 341 3230 deu
359 3172 418 3228 ΒΒ.
437 3173 494 3228 Cur
511 3172 588 3227 Deus
606 3173 711 3241 Homo,
736 3173 800 3228 dass
826 3172 865 3228 sie
888 3173 936 3230 fiir
952 3174 998 3229 dic
1014 3174 1168 3245 gesammte

207 3243 311 3366 Keipcbe
330 3242 439 3340 Frucht
452 3248 587 3314 getragen
602 3241 661 3297 und
679 3241 766 3298 hem
784 3241 927 3300 innersten
936 3244 1028 3299 Lebea
1044 3257 1080 3296 au
1092 3237 1168 3294 Gute

205 3327 225 3382 g
261 3327 370 3368 cmmeu
386 3315 448 3366 rst‘

279 3401 304 3465 ι)
323 3395 397 3452 vrso
417 3394 444 3452 a.
464 3396 534 3452 Ans.
552 3395 749 3467 ,spectarem
768 3395 901 3466 mo.1v‚
920 3401 978 3452 roc.
