2640 3816
372 293 703 356 umnauauono.
738 296 776 354 11.
800 302 840 356 ιι.
860 304 901 360 1².
1050 303 1094 371 ar

186 465 391 537 austrolenus,
416 461 451 522 'ut
467 466 557 540 magis
573 485 607 524 se
622 485 680 529 uon
696 468 785 540 possit
803 468 889 527 dare?
924 471 993 531 Bos.
1029 470 1094 530 Non

185 556 229 606 eat
247 549 355 623 aliquid
373 551 573 610 rationabilius.
607 556 678 610 Aac.
696 553 774 611 Nihil
791 560 885 610 autam
903 553 1027 626 asperius
1044 563 1095 613 aut
1111 560 1142 612 ²1

186 635 328 692 difficilius
352 644 445 708 potest
467 638 550 694 homo
575 638 613 694 ad
636 639 769 697 honoiem
793 638 848 696 Dai
870 644 969 710 sponte
985 644 1015 696 et
1036 657 1093 696 non

184 737 220 776 ex
241 721 334 777 debito
350 724 410 794 pati
428 741 513 796 quam
531 713 702 794 mortem‘at
720 725 878 798 nullatenus
898 721 1019 794 seipsum
1031 731 1093 794 pot-

185 812 228 862 est
249 805 332 863 homo
356 809 446 881 magis
470 809 537 867 dare
553 809 628 877 Deo,
654 826 739 880 quam
761 826 825 864 cum
847 827 877 866 se
898 807 981 864 morti
1005 809 1093 865 tradit

183 889 221 942 ad
236 891 368 950 honorem
385 893 469 954 illius.
503 897 572 950 Bos.
612 895 688 951 Vera
709 901 775 950 aunt
798 893 889 950 omnia
909 894 986 950 haec.
1021 895 1091 951 Aac.
1108 896 1143 948 22

184 975 282 1034 Talem
301 997 367 1050 orgo
386 987 495 1051 oportet
512 999 576 1038 eum
593 997 667 1048 esse,
692 977 740 1049 qui
763 995 814 1050 pro
839 985 954 1050 peccato
972 979 1091 1036 hominis
1160 1001 1162 1007 ·

182 1065 344 1121 satisfacere
366 1065 452 1134 volet,
475 1070 508 1120 ut
529 1065 599 1120 mori
621 1063 710 1136 possit
737 1063 761 1120 si
784 1063 860 1120 velit
895 1069 963 1122 Bos.
999 1066 1090 1122 Video
1109 1069 1142 1120 23
1225 1087 1228 1099 ·
1306 1049 1313 1070 ⁸

182 1149 321 1206 hominem
338 1150 417 1205 illum
431 1150 526 1222 plane,
545 1167 627 1222 quem
646 1149 811 1222 quaerimus,
828 1149 912 1206 talem
932 1168 993 1206 esse
1011 1167 1090 1222 opor-

183 1240 256 1304 tere,
285 1235 346 1306 qui,
361 1252 413 1293 neo
442 1253 475 1292 ex
507 1235 673 1298 necessitate
702 1233 849 1306 moriatur,
882 1235 1014 1308 quoniam
1038 1236 1092 1292 erit

183 1319 372 1390 omnipotens;
404 1339 457 1379 nec
491 1338 525 1378 ex
554 1320 661 1391 debito,
692 1321 758 1394 quia
788 1337 930 1391 nunquam
959 1325 1090 1392 peccator

182 1405 249 1474 erit,
268 1413 297 1462 et
312 1406 381 1462 mori
393 1407 482 1478 possit
494 1424 528 1463 ex
546 1407 634 1464 libera
651 1409 802 1478 voluntate,
822 1405 889 1478 quia
904 1406 1090 1462 necessarium

181 1491 241 1546 erit
277 1493 346 1546 Auo.
381 1492 453 1550 Sunt
475 1500 503 1550 et
530 1493 585 1548 alia
610 1495 713 1564 multa,
735 1511 784 1548 cur
806 1510 870 1548 eum
891 1490 974 1546 valde
990 1507 1089 1548 conve·
1106 1487 1140 1540 24

181 1568 240 1632 hiat
265 1576 407 1632 hominum
434 1577 643 1634 similitudinem
669 1567 956 1634 et'oonversaticnem
982 1576 1089 1650 absque

180 1667 296 1730 peccato
317 1660 432 1732 habere,
457 1678 528 1732 quae
551 1663 660 1718 facilius
689 1668 719 1721 et
744 1663 846 1718 clarius
869 1677 919 1730 per
944 1677 974 1714 se
991 1667 1089 1730 patent

180 1743 211 1798 in
229 1744 288 1800 eius
305 1746 364 1800 vita
380 1753 408 1800 et
426 1746 570 1818 operibus,
595 1765 680 1818 quam
695 1747 854 1804 volutante
872 1745 1089 1816 experimentum

125 1861 127 1868 ,
181 1829 242 1884 sola
270 1828 377 1886 ratione
407 1834 556 1888 monstrari
585 1834 699 1905 possint
756 1832 824 1898 Quis
856 1830 930 1886 enim
959 1830 1087 1902 explicet,
1105 1830 1137 1898 ²5

181 1931 265 1988 quam
282 1915 452 1988 necessario,
480 1935 564 1992 quam
590 1918 729 1991 sapienter
754 1918 860 1974 factum
883 1915 960 1985 sit,¹)
984 1922 1016 1970 ut
1040 1915 1087 1970 ille

180 1999 229 2072 qui
253 1999 378 2056 homines
399 2010 460 2058 erat
483 2004 659 2070 redemturus
681 2009 710 2058 et
733 2001 834 2057 devia
856 2000 953 2055 mortis
976 2005 1005 2055 et
1024 2017 1087 2071 per·

179 2085 292 2141 ditionis
311 2085 348 2140 ad
370 2086 444 2142 viam
467 2088 542 2144 vitae
566 2095 594 2146 st
614 2087 795 2145 beatitudinis
815 2092 944 2142 aeternae
962 2085 1087 2143 docendo

179 2173 353 2241 reducturus,
372 2190 436 2228 omn
453 2173 610 2231 hominibus
626 2180 835 2230 conversaretur
851 2172 925 2240 etin
943 2171 1005 2244 ipsa
1023 2188 1086 2227 con·

159 2277 161 2282 ·
178 2257 347 2327 versatione,
374 2275 439 2314 cum
458 2276 505 2316 eoa
523 2260 634 2316 doceret
652 2259 738 2316 verbo
758 2258 877 2332 qualiter
892 2258 986 2313 rivere
1003 2255 1086 2312 debs·

179 2348 255 2410 rent,
278 2341 399 2415 seipsum
423 2347 579 2417 exemplum
603 2344 768 2416 praeberet?
805 2344 970 2414 Exemplum
992 2347 1086 2396 autem
1103 2335 1136 2386 26

179 2426 301 2497 seipsum
320 2426 457 2499 quomodo
476 2430 555 2487 daret
573 2428 689 2484 infirmis
701 2436 729 2486 et
740 2428 910 2498 mortalibus,
929 2433 1086 2508 utpropter

178 2512 293 2566 iniurias
316 2519 367 2568 aut
390 2514 571 2571 contumelias
594 2520 643 2568 aut
667 2514 774 2570 dolores
798 2519 847 2568 aut
870 2518 986 2568 mortem
1009 2512 1085 2567 aiu·

177 2599 255 2654 stitia
271 2615 328 2654 non
344 2600 516 2670 recederent,
543 2600 568 2657 si
593 2599 686 2670 ipsum
708 2600 778 2656 haec
801 2598 893 2654 omnia
908 2597 1010 2654 sentire
1029 2614 1084 2652 non

175 2685 377 2758 agnoscerent?

256 2858 325 2944 12·
373 2893 441 2945 Boc.
480 2892 581 2948 Omnia
602 2891 672 2946 haec
695 2893 822 2960 patenter
845 2887 995 2943 ostendunt
1019 2890 1114 2944 smnl

176 2976 320 3032 mortalem
343 2981 371 3030 et
397 2976 632 3032 incommodorum
655 2979 811 3030 nostrorum
835 2972 1001 3043 participem
1022 2989 1082 3028 esse

178 3067 312 3130 oportere.
348 3061 403 3117 Sed
426 3060 496 3114 haeo
519 3059 612 3113 omnia
633 3059 759 3115 miseriae
774 3063 884 3114 nostrae
901 3066 980 3128 sunt,
1003 3076 1080 3112 num-

176 3146 245 3216 quid
261 3163 328 3219 ergo
344 3148 428 3202 miser
446 3145 518 3202 erit?
552 3146 621 3200 Ans.
655 3145 853 3216 Nequaquam
874 3161 939 3200 nam
953 3144 1025 3198 siout
1043 3143 1080 3196 ad
1097 3142 1113 3192 2

235 3355 270 3436 l)
289 3353 398 3417 factum
415 3351 578 3408 cstAabc
595 3351 620 3406 B
637 3349 672 3405 D.
884 3427 925 3487 5*
