2640 3816
249 328 292 392 92
411 323 785 384 limentinum
819 323 858 380 11.
877 329 920 381 rr.
940 329 982 380 rr.

212 495 431 566 soonunoiur,
463 496 529 567 quia
558 493 759 551 rationabiliter
788 493 933 567 deripitur.
978 493 1058 559 Quod
1087 511 1144 550 non

245 581 321 652 dieo,
353 581 432 654 quusi
457 580 577 653 pretium
603 580 698 635 mortis
723 582 781 637 eius
806 581 933 638 omnibus
955 579 1098 636 hominum
1116 587 1145 636 ot

243 668 406 740 angolorum
439 664 561 738 peooutis
589 681 641 720 suo
669 664 860 736 magnitudine
891 682 948 722 non
976 667 1145 738 praevaleat

244 754 294 809 eod
312 752 442 824 quonium
464 749 633 822 perditorum
656 750 817 822 angelorum
839 751 1002 808 relevationi
1018 751 1144 808 immute-

244 838 309 895 bilis
326 839 397 894 rotio
413 841 559 908 repugnet
1097 840 1104 855 ¹
1121 849 1128 866 ·

212 1022 225 1072 1
317 991 388 1077 22·
437 1026 505 1078 Boo.
534 1002 721 1078 Rationobilin
742 1027 771 1078 ot
788 1023 889 1096 quibus
906 1023 975 1077 nihil
993 1022 1145 1080 contradici
1183 1085 1186 1089 .

199 1129 200 1136 ¹
244 1105 348 1180 possit,
375 1126 447 1182 quae
473 1109 542 1164 diois
570 1107 662 1163 omnin
687 1107 754 1162 mibi
779 1107 925 1180 videntur;
950 1115 979 1164 et
994 1124 1045 1178 per
1063 1109 1145 1164 unius

245 1195 414 1267 quaestionis
437 1208 520 1267 quum
543 1194 736 1266 proposuimus
757 1194 935 1257 solutionem,
961 1192 1097 1264 quidquid
1115 1193 1145 1246 in

243 1297 316 1336 novo
345 1279 486 1352 veterique
512 1279 689 1334 Testimonto
716 1279 873 1335 continetur
894 1278 1043 1351 probatum
1066 1277 1144 1333 intel·

209 1367 308 1438 2ligo.
343 1365 414 1420 (lum
434 1361 508 1420 enim
532 1363 875 1435 sioprobesDeumfieri
893 1363 1081 1420 hominemex
1097 1379 1144 1418 no-

244 1451 382 1520 oeseitute‚
399 1455 431 1504 ut
450 1449 534 1504 etium
551 1447 575 1505 si
594 1456 784 1504 removeantur
800 1466 892 1520 pauco
911 1466 982 1522 quae
996 1450 1032 1504 de
1043 1447 1144 1503 nostris

243 1536 322 1590 libris
347 1533 464 1606 posuisti
490 1536 532 1602 (ut
559 1535 634 1606 quod
660 1531 694 1590 de
718 1534 808 1591 tribue
835 1535 960 1607 personis
977 1535 1032 1590 Dei
1056 1540 1085 1590 et
1108 1535 1145 1591 tle

242 1622 335 1676 Adnm
357 1618 486 1692 tetigisti)
510 1635 566 1673 non
590 1621 680 1676 solum
702 1619 813 1678 Iudaeis
839 1623 890 1677 sed
915 1619 998 1676 etiarn
1020 1619 1144 1691 Paganis

143 1744 147 1750 -
242 1708 302 1763 sola
319 1705 427 1761 ratione
445 1704 616 1776 satisfacias3
636 1711 665 1760 et
682 1706 742 1779 ipso
760 1707 834 1762 idem
845 1707 923 1764 Deus
943 1705 1025 1760 homo
1042 1721 1144 1761 novum

243 1793 346 1848 condat
362 1795 558 1846 testamentum
577 1795 605 1845 et
621 1795 701 1846 vetus
714 1793 870 1863 'approbetz
899 1792 972 1847 siout
988 1790 1080 1862 ipsum
1097 1807 1143 1846 ve·

242 1894 335 1933 ruoom
354 1893 415 1931 esso
430 1884 544 1930 necnee
566 1881 608 1930 est
629 1875 768 1946 confiteri,
792 1877 833 1932 ite
856 1876 926 1932 nihil
949 1875 1024 1948 quod
1041 1875 1070 1930 in
1088 1875 1143 1928 illis

207 1963 414 2030 mentiretur,
450 1975 545 2015 verum
574 1975 635 2014 esse
664 1965 756 2030 potest
785 1960 886 2032 aliquis
919 1961 1038 2017 diffiteri.
1073 1961 1142 2015 Am.

241 2047 271 2103 si
290 2047 357 2119 quid
377 2045 495 2099 diximus
523 2044 598 2114 quod
620 2044 812 2115 corrigendum
831 2047 880 2116 sit,
904 2064 960 2101 non
982 2061 1067 2101 renuo
1084 2063 1142 2101 eor·
1226 2061 1228 2070 ’

240 2130 403 2197 motionem,
427 2129 451 2182 si
467 2127 669 2182 rationabiliter
685 2128 724 2183 fit.
766 2129 796 2185 si
813 2136 907 2185 autem
923 2131 1078 2186 testimonio
1096 2149 1141 2188 ve·

240 2214 331 2270 ritntis
356 2213 516 2282 roboratur,
542 2211 617 2282 quod
639 2228 690 2266 nos
711 2213 912 2270 rationabiliter
935 2216 1075 2271 invenisse
1097 2235 1142 2273 ex-

241 2301 408 2364 istimomus,
432 2296 494 2352 Deo
516 2312 573 2351 uon
591 2297 671 2354 nobis
688 2298 838 2356 attribuere
857 2300 1002 2373 debemus,
1027 2301 1081 2368 Qui
1100 2308 1142 2358 est

241 2387 404 2443 benedictus
421 2383 451 2439 in
468 2383 587 2439 saecule
624 2384 722 2440 Amen
