2640 3816
378 315 455 374 cua
471 315 573 408 nnus
588 313 707 372 nouo.
741 314 780 370 11.
803 319 841 371 rr
858 321 900 371 15.
1065 317 1104 383 ῃ
1158 279 1186 357 f

280 558 350 644 id,
398 593 466 645 Bor.
484 587 530 642 Ita
546 601 606 644 esse
624 588 659 644 de
676 589 803 644 omnibus
818 587 941 660 peccatis
958 603 1030 660 qnae
1045 605 1106 660 per·
1123 596 1137 648 1

194 687 300 732 *sonam
318 675 373 731 Dei
390 691 447 732 non
463 677 595 744 tangunt,
616 679 732 730 constat.
768 673 827 730 Seu
843 689 917 726 nunc
933 672 1013 730 video
1030 673 1107 728 aliud

203 760 398 834 quaerendum.
433 759 506 816 Nam
535 758 559 812 si
591 763 651 812 tam
677 759 782 813 maium
814 765 856 814 est
871 767 947 813 'eum
974 756 1107 828 occidere,

203 863 286 919 quam
302 845 377 902 bona
392 849 436 900 est
454 841 513 898 rita
530 842 601 912 eius,
631 844 768 913 quomodo
784 849 877 914 potest
893 861 966 899 mors
984 842 1044 898 cius
1062 861 1106 898 su·
1138 843 1161 917 J

131 953 137 964 ¹
202 949 300 1004 parare
324 937 353 988 et
377 929 468 985 delere
490 933 608 998 peccata
632 944 739 999 corum,
769 929 818 1000 qui
841 945 904 986 eum
928 928 1106 986 occiderunt?

202 1016 263 1072 Aut
289 1016 313 1070 si
336 1015 453 1071 alicuius
484 1029 579 1098 eorum
606 1019 751 1084 peceatum
777 1013 864 1084 delet,
897 1015 1034 1087 quomodo
1051 1020 1140 1071 nont

202 1107 295 1174 potest
316 1100 433 1156 aliorum
457 1111 567 1169 quoque
591 1096 733 1154 hominum
756 1098 869 1171 aliquod
893 1099 1004 1156 delere?
1042 1099 1107 1156 Ore·

204 1187 295 1241 dimus
319 1185 406 1255 onim,
430 1183 497 1256 quia
516 1189 544 1239 et
564 1183 644 1240 multi
662 1201 695 1238 ex
712 1183 766 1239 illis
785 1184 884 1240 salvati
902 1191 968 1240 sunt
984 1191 1013 1241 et
1028 1187 1107 1240 innu-

203 1270 350 1328 merabiles
370 1271 417 1326 alii
439 1279 497 1325 non
522 1263 671 1324 salvs-utun.
708 1271 778 1325 Ars.
813 1269 894 1325 Hanc
918 1271 1142 1342 quaestionema

203 1357 286 1414 solvit
305 1355 533 1429 apostolus‚'qui
555 1355 638 1424 dixit,
665 1354 731 1427 quia
755 1355 783 1408 si
809 1356 1013 1426 cognovissent,
1039 1373 1107 1410 cum-

204 1453 289 1514 'qucm
312 1445 464 1496 Dominum
487 1441 597 1510 olarios
621 1442 827 1509 crccffleisaont.
837 1443 857 1508 ¹)
894 1441 1017 1498 Tantum
1031 1453 1144 1504 nam-4

94 1589 96 1600 Α
205 1547 260 1602 que
294 1528 427 1584 differunt
450 1526 569 1581 scienter
596 1525 702 1581 iactum
730 1533 877 1598 peecatum
903 1534 932 1584 et
958 1527 1034 1600 quod
1059 1544 1109 1598 per

203 1612 389 1685 ignorantiam
412 1611 457 1678 fit,
482 1617 514 1666 ut
541 1611 644 1666 malum
667 1612 742 1682 quod
763 1629 906 1683 nunquam
928 1613 1020 1670 iacere
1045 1629 1110 1684 pos-

205 1703 267 1752 sent
284 1715 336 1768 pro
350 1696 492 1751 nimietate
510 1712 561 1750 sua
579 1696 603 1750 si
621 1703 841 1768 cognosceretur,
856 1685 964 1755 veniale
982 1699 1026 1767 sit,
1044 1697 1111 1768 quia

204 1781 365 1853 ignoranter
396 1781 502 1836 factum
531 1786 579 1837 est
629 1781 721 1836 Deum
754 1781 827 1836 enim
860 1781 986 1838 occidere
1015 1781 1145 1838 nullust

205 1867 287 1922 homo
306 1882 429 1937 unquam
454 1865 572 1921 scienter
588 1865 686 1921 saltem
704 1866 775 1922 velle
796 1873 906 1966 posset3
931 1874 959 1924 et
980 1867 1043 1924 ideo
1062 1869 1110 1940 qui

204 1953 284 2012 illum
314 1953 474 2008 occiderunt
502 1951 674 2034 ignoranter,
682 1955 703 2022 ²)
738 1970 794 2008 non
821 1953 851 2007 in
876 1951 947 2007 iliud
972 1953 1111 2008 infinitum

203 2045 359 2111 peccatum,
376 2038 422 2092 cui
438 2037 517 2092 nulla
534 2037 589 2093 alia
607 2038 760 2109 comparari
776 2044 893 2109 possunt
905 2045 1029 2110 peccata,
1047 2056 1110 2111 pro·

170 2127 173 2137 '
204 2129 328 2180 ruerunt.
371 2123 444 2181 Nam
467 2139 525 2178 non
549 2123 782 2180 consideravimus
808 2124 867 2180 eius
889 2124 1145 2196 magnitudinemd

200 2207 425 2278 adridendum,
444 2225 529 2280 quam
544 2209 620 2265 bona
636 2215 709 2266 esset
726 2211 784 2266 vita
803 2210 867 2275 illa,
892 2211 1043 2266 secundum
1058 2203 1111 2266 iioc
1128 2223 1131 2232 ’

152 2359 154 2367 Α
206 2293 282 2364 quod
307 2292 468 2364 ignoranter
493 2293 599 2348 factum
623 2300 678 2362 est,
708 2295 758 2350 sed
783 2295 863 2366 quasi
886 2295 1005 2351 scienter
1024 2294 1110 2364 fieret,

91 2439 95 2450 ¹
207 2377 282 2449 quod
301 2394 352 2432 nec
370 2394 493 2450 unquam
515 2379 583 2436 fecit
606 2377 706 2450 aliquis
729 2397 781 2436 nec
797 2381 890 2436 facere
908 2380 1007 2455 potuit.
1042 2381 1144 2436 Boa'!

205 2462 417 2519 Rationabilitar
449 2465 638 2524 interemtores
666 2465 769 2521 Christi
799 2467 835 2521 ad
865 2465 974 2521 veniam
1003 2465 1112 2537 peccati

207 2547 251 2604 sui
267 2548 426 2620 pertingere
442 2551 567 2622 potuisse
584 2550 752 2606 monstrasti.
781 2549 849 2605 Ans.
867 2549 941 2614 Quid
960 2551 1017 2605 iam
1028 2567 1111 2623 quae·
1128 2559 1144 2610 8

206 2635 245 2690 ris
263 2633 400 2706 amplius?
435 2635 509 2692 Ecca
528 2635 584 2690 iam
601 2635 695 2707 vidcs,
722 2637 858 2708 quomodo
876 2636 1048 2692 rationabilis
1065 2653 1128 2693 nav

207 2717 321 2778 cessitas
348 2721 477 2776 ostendat
494 2737 528 2777 ax
546 2721 703 2777 hominibus
726 2721 922 2793 perficiendam
941 2739 1000 2778 csse
1018 2731 1112 2794 super·-

207 2821 273 2862 nam
291 2805 443 2876 civitatem,
468 2823 520 2863 nco
542 2807 595 2862 hoo
612 2824 693 2878 posse
709 2805 771 2862 fieri
786 2805 841 2861 nisi
858 2823 909 2878 per
925 2807 1112 2864 remissionem

206 2897 399 2964 peccatorum,
427 2908 510 2962 quam
532 2893 615 2948 homo
633 2892 727 2947 nuilus
744 2891 848 2947 habere
870 2895 962 2964 potest
984 2891 1038 2949 nisi
1062 2909 1132 2967 per„

189 2977 358 3047 dominam,
382 2977 430 3048 qni
456 2977 530 3033 idem
552 2978 612 3048 ipse
632 2977 670 3033 sit
686 2978 765 3033 Deus
789 2983 873 3048 atque
892 2992 943 3032 sua
959 2985 1047 3034 morte
1064 2977 1112 3032 ho·
1131 2989 1133 2996 ·

142 3099 144 3106 ›
207 3063 294 3120 mines
311 3068 471 3160 peccatores
490 3061 552 3119 Deo
577 3062 744 3120 reconciliet.
781 3063 888 3142 Aperte
905 3063 992 3136 igitur
1009 3054 1149 3117 inveni-⁹

281 3254 349 3317 1)1.
370 3251 432 3308 (ior.
452 3256 477 3340 2,
498 3257 524 3308 8.

278 3321 304 3388 2)
323 3319 427 3392 Πάτερ,
451 3319 523 3393 αφες
544 3317 644 3381 αὐτοῖς·
665 3317 704 3372 οὐ
722 3317 792 3412 γὰρ
810 3320 935 3374 οἴδασι
949 3321 978 3372 τί
992 3332 1107 3372 ποιουσι

208 3387 278 3442 Luc.
297 3393 339 3456 23,
359 3395 400 3446 34.
400 3343 579 3460 Q-Aetii,
600 3394 646 3446 17·
664 3387 753 3444 κατὰ
769 3389 928 3460 ἄγνοιαν
