2640 3816
240 269 284 334 22
423 265 451 322 S.
468 263 640 322 Ausum
657 263 965 322 GANTUARIENSIS

241 436 377 494 rationem
402 436 481 510 sequi
504 435 713 507 proposuimus,
737 423 1088 506 quemvis'cliquentulum
1108 451 1155 490 me

242 527 354 594 terreos,
372 523 443 578 nihil
456 521 547 578 habeo
565 521 640 594 quod
657 519 761 592 possim
778 520 871 578 dicere
888 527 993 575 contre.
1099 605 1101 612 Α

212 771 223 822 l
324 744 392 830 12·
440 776 513 834 Am.
533 776 691 832 Redeamus
711 779 740 830 et
753 776 909 846 videamus,
925 781 1017 832 utrum
1031 776 1153 832 solomi-

245 861 394 918 sericordia
421 861 480 917 sine
502 861 577 918 omni
601 862 737 918 solutione
762 861 849 916 oblati
877 861 931 918 sibi
954 861 1083 933 honoris,
1105 864 1154 918 dc·

244 953 307 1003 ceat
323 948 415 1003 Deum
433 954 549 1020 peccate
566 947 713 1003 dimittere.
749 951 817 1002 Boe.
847 947 912 1002 Non
929 948 1010 1004 video
1029 966 1080 1004 cur
1095 965 1154 1005 uon

211 1033 350 1088 remeet
384 1034 467 1096 Aes„
490 1034 536 1090 Sic
562 1033 701 1088 dimittere
731 1037 891 1104 peccatum,
921 1051 978 1088 non
1006 1040 1048 1090 est
1074 1034 1154 1089 eliud

245 1133 330 1190 quem
352 1137 409 1176 non
432 1119 545 1191 punire3
571 1125 600 1174 et
618 1117 749 1189 quonium
765 1129 841 1174 recte
859 1119 986 1175 ordinare
1005 1125 1153 1191 peceatum

245 1203 306 1262 sine
329 1205 517 1262 satisfactione
539 1221 596 1258 non
621 1208 664 1256 est
690 1203 744 1258 nisi
766 1207 880 1274 punire,
910 1203 933 1258 si
956 1221 1013 1258 non
1029 1204 1153 1274 punitur,

243 1291 432 1346 inordinatum
451 1289 607 1345 dimittitur.
643 1289 711 1342 Boc.
747 1289 925 1348 Rationebile
952 1291 1090 1362 estquod
1112 1290 1153 1344 di-

212 1377 293 1430 tcie.
328 1377 398 1430 Aue.
433 1375 525 1430 Deum
548 1391 613 1428 vero
637 1390 693 1428 non
716 1375 796 1428 decet
821 1365 935 1446 aliquid
950 1375 979 1430 in
998 1393 1048 1431 suo
1064 1393 1153 1446 regno

245 1461 434 1516 inordinatum
457 1460 603 1516 dimittere.
639 1460 708 1514 Boo.
727 1459 757 1516 Si
774 1459 852 1512 aliud
868 1461 935 1527 volo
949 1461 1049 1530 dicere,
1069 1459 1154 1515 timeo

212 1553 370 1616 dpeccure.
414 1546 483 1599 Aue.
518 1544 610 1616 Igitur
635 1560 692 1599 non
719 1545 800 1600 decet
824 1543 916 1600 Deum
939 1555 1087 1617 peccatum
1112 1546 1154 1600 sic

212 1630 411 1702 timpaniturn
430 1629 577 1689 dimittere.
612 1632 681 1684 Boc.
715 1631 761 1686 lte
783 1630 915 1701 sequitur.
950 1632 1020 1684 Ans.
1054 1631 1108 1686 Est
1126 1634 1155 1686 ct

245 1718 323 1774 eliud
339 1719 414 1790 quod
438 1716 576 1789 seqnitur,
600 1717 627 1776 si
647 1724 792 1787 peccatum
811 1717 851 1771 sic
872 1717 1019 1771 dimittitur
1036 1715 1155 1787 impuni-

244 1811 317 1875 tum,
347 1804 414 1876 quie
441 1803 568 1860 similiter
594 1803 649 1860 erit
674 1804 750 1873 apud
774 1803 867 1858 Deum
889 1802 1018 1872 peccanti
1045 1809 1073 1858 et
1097 1819 1155 1857 non

245 1889 389 1962 peccanti3
416 1889 492 1961 quod
513 1888 575 1944 Deo
598 1903 655 1942 non
676 1886 812 1941 convenit.
848 1888 917 1940 Boc.
954 1887 1017 1943 Non
1040 1905 1155 1967 possum

212 1977 357 2045 bnegere.
391 1975 463 2027 Am.
493 1970 567 2026 Vide
592 1976 621 2024 et
644 1969 708 2023 hoc.
742 1971 884 2026 Iustitiam
908 1971 1049 2047 hominum
1074 1991 1156 2028 nemo

246 2059 337 2114 nescit
352 2075 412 2114 esee
430 2057 482 2112 sub
501 2055 573 2126 iege,
590 2059 624 2108 ut
641 2056 794 2110 secundum
812 2056 872 2110 eius
884 2058 1067 2129 quantitatem
1078 2075 1155 2112 men-

248 2161 314 2200 sure
331 2141 519 2198 retributionis
546 2141 642 2196 eDeo
661 2149 907 2212 recompensetur..
930 2145 999 2198 Boc.
1035 2143 1082 2198 Itu
1097 2159 1155 2200 cre·

214 2229 346 2288 edimus.
381 2228 450 2280 Am.
487 2225 517 2281 Si
539 2232 632 2282 eutem
653 2235 800 2297 peccatum
825 2245 878 2284 nec
901 2227 1016 2286 solvitur
1032 2245 1086 2284 nec
1104 2247 1155 2300 pu·

247 2313 335 2384 nitur,
360 2311 431 2366 nulli
453 2312 511 2384 legi
530 2313 663 2368 subiacet.
700 2315 767 2370 Boc.
802 2313 866 2369 Non
886 2331 998 2384 possum
1017 2315 1097 2370 aliter
1114 2316 1156 2370 in·

215 2397 381 2472 Stelligere.
424 2399 495 2452 Aee.
530 2397 657 2452 Liberior
681 2399 768 2468 igitur
797 2406 839 2454 est
865 2399 1014 2468 iniustitia,
1046 2401 1070 2455 si
1094 2400 1157 2456 sole

247 2483 436 2541 misericordie
459 2482 623 2552 dimittitur,
647 2499 730 2553 quem
755 2482 878 2552 iustitie3
905 2486 979 2556 quod
1008 2486 1090 2542 vaide
1113 2485 1156 2540 iu·

215 2569 416 2626 tconveniene
438 2568 557 2624 uidetur.
592 2567 639 2620 Ad
662 2566 720 2622 hoc·
739 2567 821 2622 etiem
850 2569 1007 2624 extenditur
1025 2571 1095 2626 heco
1114 2569 1155 2624 in·

248 2656 453 2726 convenientia,
480 2660 512 2710 ut
539 2652 703 2708 iniustitiam
729 2653 791 2708 Deo
818 2653 935 2710 similem
961 2654 1062 2724 faciet3
1089 2655 1156 2727 quis

200 2740 231 2790 10
249 2740 320 2795 sicut
330 2741 410 2796 Deus
420 2741 524 2796 nullius
534 2739 592 2811 legi
603 2739 736 2806 subiacet,
756 2737 796 2792 ite
807 2745 835 2794 et
847 2738 991 2797 iniustitia.
1016 2743 1086 2796 Boc.
1101 2741 1155 2798 Ne·

249 2839 321 2895 queo
338 2825 466 2882 resistere
482 2825 584 2880 rationi
601 2831 675 2880 turae.
710 2823 764 2880 Sed
789 2841 853 2879 curn
870 2825 949 2881 Dens
970 2825 1052 2880 nobis
1076 2843 1156 2897 prae·

249 2907 336 2980 cipiet
353 2907 464 2964 omnino
489 2911 627 2968 dimittere
644 2908 827 2981 peccantibus
847 2911 876 2965 in
895 2925 960 2978 nos,
984 2909 1095 2964 videtur
1110 2927 1156 2966 re·
1216 2919 1218 2924 ’
1287 2941 1288 2954 1

247 3009 389 3066 pugnare,
416 2999 449 3048 ut
472 2993 526 3050 heo
550 2995 705 3067 praecipiet
730 2994 810 3054 nobis
838 2995 913 3066 quod
942 2993 1034 3064 ipsum
1062 2991 1157 3049 fecere

200 3079 305 3134 iinon
328 3079 415 3136 decet
455 3080 524 3136 Ant.
561 3081 646 3137 Nulla
669 3081 698 3136 in
720 3079 774 3135 hoc
800 3086 843 3135 est
865 3077 1063 3150 repugnantia,
1088 3076 1156 3149 quia

249 3165 331 3224 Deus,
353 3163 407 3220 boc
432 3164 569 3236 praecipit
592 3165 688 3231 nobis,
714 3171 747 3219 ut
769 3182 826 3230 nou
847 3173 1056 3233 praesumemus
1080 3163 1157 3234 quod

200 3256 231 3306 12
249 3251 334 3307 solius
353 3250 408 3306 Dei
427 3254 478 3304 cst.
514 3249 562 3302 Ad
585 3249 693 3303 nullum
715 3248 788 3303 enim
806 3247 927 3317 pertinet
945 3248 1097 3304 vindictam
1113 3247 1154 3302 fc·

249 3353 326 3407 cere,
345 3334 400 3392 nisi
418 3336 456 3391 ed
473 3333 552 3389 illum
569 3333 619 3404 qui
636 3332 775 3386 Dominus
793 3337 836 3387 est
853 3333 992 3404 omnium
1009 3351 1075 3388 nem
1092 3349 1156 3386 oum
