2640 3816
269 1091 627 1190 PRAEFATIO
673 1091 715 1188 S.
764 1090 1058 1188 insuunt

581 1373 748 1382 .----

186 1509 285 1616 Opu's
315 1529 476 1598 subditum
507 1537 639 1615 propter
670 1528 841 1614 quosdam,
882 1528 938 1613 qui
971 1535 1145 1614 antequam

184 1623 361 1708 perlectum
388 1630 422 1691 et
452 1623 646 1707 exquisitum
673 1629 775 1708 esset,
802 1621 923 1707 primas
942 1629 1052 1708 partes
1075 1623 1144 1691 eius

185 1728 236 1775 me
258 1709 420 1775 nesciente
443 1708 505 1774 sibi
526 1708 808 1792 transcribebant,
829 1706 1032 1774 festinantius
1049 1729 1145 1793 quum
1251 1751 1255 1759 κ

184 1792 262 1858 mibi
285 1799 497 1879 oppurtunum
518 1799 614 1893 esset,
631 1792 757 1860 acideo
773 1790 902 1860 brevius
917 1813 1014 1877 quam
1027 1793 1146 1859 vellem

184 1899 255 1946 sum
285 1885 429 1979 coactns,
461 1883 496 1943 ut
523 1883 629 1978 pctm,
663 1897 892 1946 consummare.
942 1879 1027 1944 Nam
1050 1879 1146 1964 plura

182 1983 268 2048 quac
290 1962 392 2050 tacui,
417 1981 625 2029 rnsermssem
645 1969 678 2029 et
699 1962 912 2047 addidissem,
934 1962 961 2029 si
983 1964 1017 2028 in
1038 1964 1146 2047 quiete

185 2055 217 2114 et
248 2068 389 2132 congruo
422 2049 527 2134 spatio
560 2047 641 2114 illud
671 2049 749 2114 milri
782 2047 878 2115 edere
906 2047 1058 2116 licuisset.
1106 2050 1146 2114 In

184 2154 305 2218 magna
325 2133 411 2200 enim
431 2134 537 2200 cordis
564 2133 785 2220 tribulatione,
811 2153 907 2217 quam
928 2134 1014 2200 unde
1035 2140 1068 2200 et
1090 2155 1146 2200 eur

184 2239 301 2317 passus
332 2219 393 2284 sim
425 2221 516 2285 novit
544 2220 650 2303 Dens,
684 2219 765 2285 illud
796 2219 831 2285 in
862 2219 982 2303 Anglia
1013 2225 1145 2304 rogatus

184 2323 256 2369 mce
279 2304 291 2369 i
316 2312 349 2370 et
376 2304 410 2370 in
433 2303 590 2389 Cepnana
617 2305 787 2390 provincia
805 2304 994 2390 peregrinus
1015 2303 1145 2387 perfeci.

185 2325 280 2466 Quod
301 2387 476 2454 secundum
496 2389 664 2455 materiam
689 2389 729 2456 dc
750 2410 814 2475 qua
835 2388 958 2454 editum
977 2395 1036 2487 est²
1060 2389 1146 2487 0111}

184 2472 299 2539 DEUS
318 2474 444 2554 ,HOMO
466 2474 629 2540 nominavi
651 2481 683 2540 et
703 2475 737 2540 in
762 2474 842 2541 duos
861 2473 988 2540 libellos
1003 2472 1145 2539 drstinxr.

185 2555 327 2635 Quorum
353 2559 441 2642 pricr
471 2559 601 2642 quidem
629 2558 806 2624 infidelium
825 2557 1044 2643 respuentium
1064 2557 1145 2625 chri-

184 2643 323 2708 stianam
341 2642 451 2729 fidem,
474 2643 550 2728 quia
571 2643 688 2710 rationi
708 2651 822 2728 putant
842 2643 932 2708 illam
954 2662 1145 2728 repugnare,

185 2727 326 2794 continet
361 2728 556 2796 obiectiones
592 2736 625 2795 et
660 2728 815 2796 fidelium·
834 2729 1076 2814 responsionem
1107 2747 1146 2794 ac

183 2812 315 2878 tandem
335 2819 457 2880 remoto
483 2813 679 2881 01111110-
707 2813 801 2899 quasi
828 2834 1001 2898 numquam
1023 2811 1146 2897 aliquid

184 2895 280 2965 suerit
301 2897 342 2964 de
362 2897 419 2966 illc
441 2935 482 2944 -—
503 2900 619 2984 probat
640 2899 817 2966 rationibus
838 2898 1045 2983 necessariis,
1072 2917 1146 2964 esse

184 2981 383 3072 impossibile
410 2983 511 3065 ullum
543 2983 704 3050 hominem
738 2984 858 3051 salvari
887 2984 963 3059 sine
986 2984 1051 3050 illc.
1105 2983 1145 3048 In

185 3068 326 3134 secundo
355 3075 463 3136 autem
491 3069 572 3134 libro
600 3068 763 3155 similiter,
796 3069 890 3153 quasi
919 3069 999 3135 nihil
1024 3069 1145 3136 sciatur

185 3150 226 3218 de
254 3153 394 3239 Christo,
429 3160 624 3232 monstratur
652 3175 716 3220 non
748 3154 852 3221 minus
879 3161 993 3240 aperta
1019 3153 1144 3218 ratione

185 3242 218 3303 et
244 3238 381 3306 veritate
428 3245 578 3306 naturam
606 3238 779 3305 humanam
808 3239 851 3306 ad
878 3238 939 3305 hcc
966 3237 1144 3304 institutam

185 3340 271 3408 esse,
300 3330 335 3389 ut
365 3289 537 3409 aliquando
561 3325 799 3394 immortalitate
825 3325 923 3390 beata
942 3327 1027 3388 totus
1049 3321 1143 3386 horno
