2640 3816
246 294 286 358 1'8
422 291 450 348 S.
470 287 641 348 ansam
656 283 963 344 ementatum

244 460 368 532 protem
385 460 490 532 potnit:
515 475 599 514 nemo·
621 458 709 514 currit
732 457 769 512 ad
786 461 903 512 mortem
920 459 1034 526 propter
1049 469 1153 510 nomeu

214 553 346 614 susum,
375 546 429 601 nisi
447 547 532 601 Pater
550 545 692 616 impulerit
708 548 757 598 aut
775 542 890 598 traxerit
909 559 980 597 eum.
1015 540 1154 606 Quoniam

246 649 366 703 namque
394 632 537 685 voluntate
563 629 681 701 quisque
704 629 742 683 ad
765 627 795 683 id
820 628 896 699 quod
921 626 1155 684 indeclinabiliter

247 718 316 786 vult,
338 717 458 771 trahitur
475 717 519 770 vel
537 715 703 786 impellitur,
725 727 782 769 non
800 714 1025 769 inconvenienter
1043 711 1154 768 trahere

247 810 297 858 ant
314 801 456 870 impellere
473 801 575 856 dicitur
592 801 684 870 Deus,
709 816 773 854 cnm
792 799 878 856 telem
899 799 950 854 dat
967 797 1154 868 voluntatem

248 886 278 940 in
302 903 358 956 quc
384 892 477 942 treetn
502 886 548 940 vel
573 885 694 956 impulsu
716 884 794 940 nulla
817 885 984 957 intelligitur
1007 883 1155 940 violentias

248 971 412 1039 necessitas,
439 972 488 1026 sed
515 981 648 1042 acceptae
671 970 762 1027 bonae
783 970 933 1026 voluntatis
954 973 1108 1040 spontanea
1126 973 1156 1024 et

216 1058 232 1108 6
249 1063 342 1132 amata
358 1057 501 1112 tenacitas.
538 1058 567 1114 Si
594 1074 661 1128 ergo
674 1057 731 1114 boc
750 1057 832 1112 modo
851 1055 949 1126 nequit
964 1055 1077 1126 negari,
1101 1053 1155 1108 Pa-

248 1147 319 1197 tram
337 1143 508 1198 voluntatem
523 1143 604 1198 iilam
623 1143 717 1198 dando
729 1141 832 1197 Filium
849 1142 886 1196 ad
906 1146 1022 1196 mortem
1039 1139 1157 1194 traxisse

249 1229 294 1284 vel
311 1228 468 1299 impulissa3
487 1228 549 1298 quis
566 1245 622 1282 non
641 1229 735 1283 videat
752 1227 849 1283 eadem
867 1227 974 1282 ratione
993 1225 1156 1280 mandatum

189 1351 192 1354 ·
248 1313 306 1384 illi,
332 1323 364 1369 ut
384 1319 500 1368 mortem
518 1313 668 1369 sustineret
686 1322 797 1382 sponte,
824 1319 852 1368 et
869 1313 985 1368 calicem
998 1327 1084 1382 -qucm
1100 1328 1156 1366 non

217 1400 352 1454 linvitua
376 1399 497 1466 biberet,
524 1397 653 1452 dedisset
690 1398 727 1453 Et
752 1399 775 1452 si
792 1398 880 1453 Filius
904 1397 958 1454 sibi
981 1415 1037 1453 non
1059 1413 1156 1468 peper·
1200 1425 1202 1430 ·

249 1485 320 1540 cisse
345 1485 394 1539 sed
418 1501 468 1554 pro
491 1483 571 1538 nobis
598 1488 751 1553 spontanea
773 1484 917 1538 volumtate
941 1499 974 1538 se
991 1483 1085 1553 ipsum
1102 1488 1157 1536 tre-

251 1570 355 1624 didisse
372 1575 447 1624 recte
465 1568 581 1637 dicitur,
607 1569 669 1638 quis
696 1574 782 1640 neget
799 1575 875 1626 recte
892 1568 964 1638 dici,
987 1569 1055 1639 quia
1073 1566 1158 1622 Pater

250 1672 346 1727 atquo
366 1655 452 1712 telem
469 1653 570 1710 habuit
590 1655 774 1724 voluntatem,
798 1655 840 1710 illi
864 1673 921 1710 non
944 1653 1083 1726 pepercit,
1107 1652 1158 1708 sed

128 1761 129 1764 ¹
217 1753 300 1814 spro
328 1741 408 1796 nobis
435 1740 552 1801 tradidit
577 1740 656 1794 illum
681 1747 709 1796 et
731 1747 848 1797 montem
874 1741 933 1796 eius
952 1737 1058 1794 voluit?
1093 1737 1172 1814 Hoc,

250 1829 334 1883 etiam
353 1827 435 1882 modo
456 1827 689 1882 indeclinabiliter
705 1833 733 1882 et
751 1833 850 1896 sponte
867 1825 1159 1895 servando-acceptam

250 1913 423 1970 voluntatem
443 1912 563 1968 ePatre
580 1912 669 1966 Filius
687 1910 780 1966 iactus
798 1915 841 1966 est
860 1909 903 1964 illi
918 1910 1053 1965 obediens
1069 1925 1159 1980 usque

251 1999 288 2051 ad
307 2005 437 2065 mortem,
465 2002 493 2051 et
515 1996 613 2051 didicit
632 2011 671 2050 ,ex
695 1995 738 2050 his
758 2011 830 2064 quae
847 2011 946 2064 passus
967 2001 1010 2050 est
1028 1994 1159 2052 obedien·

250 2081 333 2146 tiam,
351 2081 381 2134 id
400 2088 454 2148 est,
473 2095 557 2149 quum
573 2095 739 2151 magnares
756 2079 885 2134 facienda
905 2080 942 2134 sit
961 2097 1011 2150 per
1027 2079 1159 2136 obedien»

218 2164 327 2220 etiam
363 2165 436 2220 Nem
461 2170 528 2220 tunc
551 2171 594 2220 est
615 2181 681 2220 vera
694 2172 733 2220 -et
756 2165 873 2235 simplex
897 2165 1069 2234 obedientia,
1095 2181 1159 2220 cnm

252 2250 394 2307 rationalis
420 2258 548 2307 ereatura
579 2268 635 2306 non
670 2249 834 2307 necessitate
860 2249 910 2304 sed
938 2257 1038 2320 sponte
1067 2255 1159 2306 servat
1197 2300 1200 2305 .

203 2341 235 2393 10
252 2335 424 2394 voluntatem
447 2352 469 2390 a
484 2337 545 2392 Deo
569 2342 721 2406 acceptam.
756 2335 828 2389 Aliis
847 2351 957 2406 quoquc
978 2336 1066 2391 modis
1083 2340 1158 2408 recte

252 2439 400 2494 possumus
436 2421 548 2476 Patrem
586 2423 707 2477 voluisse
745 2421 810 2476 Filii
848 2426 964 2474 mortem
994 2421 1159 2492 intelligere,

203 2514 232 2566 11
253 2509 378 2580 quamvis
404 2508 453 2563 isti
480 2506 587 2578 possint
613 2505 748 2562 sufficere.
790 2507 862 2560 Nam
889 2506 961 2560 sicut
990 2507 1064 2562 velle
1092 2505 1160 2561 dici—

253 2610 314 2648 mus
341 2583 415 2652 eum
429 2591 476 2664 qui
500 2591 585 2661 facit,
613 2597 645 2646 ut
673 2591 744 2646 alius
768 2591 851 2661 velit3
876 2592 916 2646 ita
939 2591 1024 2646 etiam
1042 2590 1159 2646 dicimus

253 2695 317 2732 eum
333 2681 405 2736 velle
429 2679 478 2751 qui
501 2695 558 2733 non
582 2677 665 2745 facit,
691 2683 723 2731 ut
748 2676 820 2731 alius
846 2676 926 2745 velit,
950 2677 1000 2732 sed
1024 2677 1161 2747 approbat

254 2760 319 2829 quia
342 2763 416 2832 vult3
443 2768 475 2818 ut
499 2781 562 2818 cum
585 2763 709 2817 videmus
735 2761 856 2833 aliquem
877 2762 987 2818 fortiter
1008 2763 1068 2831 pati
1089 2762 1161 2818 velle

254 2845 423 2924 molestiam,
448 2855 479 2903 ut
501 2849 627 2918 perficiat
645 2848 720 2918 quod
739 2847 811 2902 bene
827 2848 903 2918 cult3
930 2847 1056 2917 quumvis
1073 2847 1161 2900 fatea-

255 2945 316 2980 mur
343 2947 394 2984 nos
418 2931 504 3002 velle,
530 2942 561 2988 ut
586 2935 663 2989 illam
684 2947 802 3003 poenam
819 2933 969 3000 sustineat,
992 2949 1048 2985 non
1067 2937 1161 2986 tamen

206 3013 237 3066 12
255 3013 383 3067 volumus
403 3020 452 3068 aut
470 3033 593 3073 amamus
613 3035 732 3091 poenam
746 3017 805 3072 cius
819 3018 869 3074 sed
880 3017 1057 3072 voluntatem.
1076 3014 1161 3070 lllum

256 3101 386 3169 quoque,
407 3099 455 3170 qui
474 3100 620 3172 prohibere
638 3107 731 3172 potest
751 3111 780 3161 et
796 3121 852 3159 non
872 3101 1014 3172 prohibet,
1041 3100 1160 3156 solemus

95 3243 96 3252 χ
206 3187 237 3238 13
256 3185 349 3240 dicere
376 3185 443 3256 quis
468 3185 544 3253 vult,
573 3189 648 3256 quod
674 3206 731 3244 non
756 3189 892 3259 prohibet.
933 3185 1070 3250 Quoniam
1094 3204 1161 3257 ergo

256 3270 336 3324 Patri
362 3270 490 3326 voluntas
513 3270 580 3323 Filii
607 3273 727 3341 placuit,
757 3288 809 3328 nec
835 3271 976 3341 prohibuit
1002 3289 1065 3328 eum
1089 3272 1162 3326 velle

258 3363 307 3411 aut
328 3355 442 3427 implere
460 3355 536 3427 qnod
555 3356 684 3427 volebat3
704 3362 779 3412 recte
798 3355 925 3426 voluisse,
942 3363 974 3412 ut
987 3358 1077 3414 Filius
1089 3374 1161 3412 mor
