2640 3816
375 290 475 356 ,ceu
492 255 728 350 uuue'uouo.
762 289 801 350 u
820 297 843 348 r.
865 295 889 347 e.
1050 286 1093 354 59

181 479 297 520 neeesse
319 469 373 532 est,
398 466 431 517 ut
458 460 493 517 ds
519 460 613 516 Adam
638 465 795 516 assumatur
814 460 910 530 homo,
934 476 986 531 per
1011 477 1094 532 quern

183 553 355 605 restauretur
376 565 465 620 genus
490 547 578 602 Adae.
629 549 695 603 Bor.
729 547 759 604 Si
785 547 922 602 rationem
944 546 1093 618 sequimur,

184 633 257 690 sieut
273 634 476 704 proposuimus,
504 633 557 690 hoo
574 632 773 690 inevitabiliter
789 637 899 704 oportet
919 649 986 688 esse
1021 632 1093 690 Ans.
1113 633 1145 686 ld

182 718 388 794 Investigemus
410 736 498 790 nuno,
520 725 614 774 uuum
636 717 804 774 assumenda
826 717 865 773 sit
881 735 899 772 a
915 718 977 773 Deo
994 723 1095 773 natura

184 803 303 862 hominis
326 807 362 862 de
385 812 465 878 patre
483 805 562 862 etde
580 809 683 874 matre,
707 803 780 860 siout
798 803 847 858 elii
871 809 938 858 sunt
961 802 1095 873 homines,

184 896 234 948 aut
253 892 289 948 de
306 891 366 948 viro
384 893 445 949 sine
461 891 577 960 femina,
602 895 652 946 aut
670 887 823 946 desemine
839 889 901 948 siue
918 889 986 946 viro.
1021 888 1095 945 Nam
1114 892 1144 944 11

185 993 352 1051 quoeunque
375 977 459 1034 modo
480 993 516 1034 ex
537 977 581 1031 his
605 976 695 1032 tribus
722 975 812 1031 modis
831 974 878 1045 sit,
901 976 937 1034 de
955 975 1050 1031 Adam
1066 978 1096 1030 et

185 1061 222 1117 de
238 1063 299 1119 Eva
317 1064 377 1134 erit,
397 1064 433 1120 de
453 1063 556 1136 quibus
574 1068 617 1118 est
635 1062 723 1118 omnis
741 1063 823 1118 homo
840 1062 985 1133 utriusque
1003 1077 1095 1130 sexus,

183 1165 236 1204 nee
253 1149 355 1220 aliquis
374 1151 473 1206 modus
497 1166 531 1206 ex
554 1148 644 1204 tribus
667 1147 711 1203 his
737 1147 844 1204 facilior
872 1153 915 1202 est
932 1147 994 1202 Deo
1010 1163 1095 1219 quam

184 1232 246 1303 alii,
277 1239 310 1288 ut
341 1253 373 1292 eo
405 1235 488 1292 modo
517 1235 611 1306 potius
634 1233 736 1290 debeat
763 1231 875 1288 assumi.
915 1234 986 1288 Boos
1018 1233 1096 1290 Beue

184 1319 322 1387 proeedis.
356 1322 428 1381 Ans.
463 1322 569 1378 Verum
591 1338 649 1377 non
672 1325 715 1376 est
737 1335 807 1390 opus
824 1318 913 1374 multo
929 1318 1040 1390 labore,
1063 1323 1097 1373 ιιι
1116 1319 1147 1374 12

185 1405 356 1476 ostendatur,
374 1408 442 1480 qnia
458 1405 589 1462 mundius
608 1412 637 1461 et
653 1406 797 1462 honestius
807 1403 1000 1478 proereabitur
1011 1404 1096 1460 homo

183 1488 233 1546 ille
259 1491 294 1547 de
324 1493 384 1549 solo
413 1493 474 1548 viro
501 1491 547 1548 vel
578 1490 682 1547 femina
711 1510 796 1565 quam
833 1493 869 1549 ds
901 1491 1096 1547 commixtione

185 1573 348 1646 utriusque,
373 1577 446 1634 siout
460 1594 556 1634 omnes
572 1577 621 1632 ulii
637 1576 688 1632 filii
705 1578 854 1634 hominum.
888 1579 958 1634 Bor.
976 1575 1095 1634 Sufficit

186 1660 256 1716 Aras.
291 1661 351 1717 Ant
376 1679 443 1735 ergo
469 1662 504 1720 de
526 1663 585 1719 solo
609 1663 669 1718 viro
692 1668 742 1717 aut
765 1662 801 1719 de
822 1662 883 1718 sola
899 1663 1003 1720 femina
1020 1666 1147 1719 assu-1³

185 1745 303 1800 mondus
322 1753 371 1802 est.
406 1750 475 1806 Bos.
510 1748 634 1806 Aliunde
656 1763 714 1803 nou
730 1752 831 1818 potest.
865 1749 936 1804 Arsa.
971 1747 1098 1812 Quatuor
1116 1751 1149 1804 14

187 1831 277 1885 modis
304 1838 398 1904 potest
414 1834 492 1890 Deus
522 1834 614 1890 faeere
643 1832 798 1901 hominem
826 1831 956 1890 videlieet
985 1840 1035 1889 aut
1061 1833 1098 1890 de

186 1914 246 1971 viro
272 1922 301 1972 et
324 1919 359 1976 de
382 1918 499 1991 femina,
529 1919 602 1976 siout
627 1919 756 1976 assiduus
781 1937 848 1974 usus
871 1924 1022 1989 monstrat3
1048 1925 1098 1975 aut

183 2018 239 2084 ‘neo
258 2003 294 2059 de
319 2004 379 2060 viro
399 2020 452 2061 nee
479 2004 514 2060 de
538 2004 657 2076 femina,
685 2005 758 2060 siout
782 2003 887 2061 creavit
911 2004 1019 2069 Adam,
1048 2010 1098 2060 aut

188 2087 225 2144 de
246 2089 307 2146 viro
330 2090 391 2148 sine
417 2088 535 2161 femina,
562 2091 635 2148 siout
659 2092 727 2147 feeit
743 2092 846 2162 Evam,
876 2096 926 2148 eut
942 2090 978 2146 de
994 2089 1099 2146 femina

187 2175 247 2230 sine
269 2177 343 2247 viro,
366 2175 441 2250 quod
466 2177 591 2232 nondum
612 2177 687 2234 feeit
722 2179 764 2235 Ut
786 2177 872 2252 igitur
893 2177 969 2233 huno
986 2193 1098 2250 quoqne
1116 2170 1148 2221 1⁵

189 2261 302 2315 modum
322 2262 423 2332 probet
443 2279 510 2319 suae
528 2263 671 2319 subiacere
688 2265 821 2336 potestati
840 2270 868 2320 et
884 2263 987 2320 adhoc
1004 2262 1098 2334 ipsum

188 2362 259 2418 opus
278 2346 396 2402 dilatum
420 2365 495 2418 esse,
521 2348 592 2402 nihil
618 2351 826 2408 convenientius
851 2366 935 2423 quum
953 2355 986 2404 ut
1003 2348 1038 2404 de
1057 2347 1097 2403 fe·

189 2431 265 2486 mina
283 2431 343 2487 sine
369 2432 429 2488 viro
453 2440 578 2489 assumat
600 2433 680 2490 illum
702 2436 855 2507 hominem,
881 2451 964 2506 quem
991 2434 1098 2508 quaeri·

187 2533 259 2574 mus.
301 2519 405 2575 Utrum
430 2525 525 2575 autem
551 2519 587 2574 de
613 2519 731 2593 Virgine
759 2527 809 2576 aut
836 2521 873 2575 de
898 2536 955 2575 non
981 2519 1098 2590 Virgine
1117 2517 1148 2568 td

190 2603 303 2676 dignius
320 2603 373 2658 hoo
389 2603 453 2674 liat,
471 2621 528 2660 non
546 2609 589 2660 est
605 2621 676 2676 opus
694 2605 844 2677 disputare,
869 2606 919 2662 sed
946 2605 1006 2661 sine
1024 2605 1099 2660 omni

191 2688 365 2746 dubitatione
390 2689 568 2746 asserendum
595 2696 649 2761 est,
678 2691 745 2762 quia
771 2691 806 2747 de
833 2691 951 2764 Virgine
959 2690 980 2762 ¹)
1006 2689 1098 2746 Deum

189 2773 328 2830 hominem
351 2775 431 2829 nasei
454 2781 571 2848 oportet
606 2779 675 2832 Bos.
710 2776 870 2834 Secundum
885 2775 1020 2848 placitum
1039 2793 1098 2831 eor·

190 2861 234 2916 dis
259 2860 314 2916 mei
338 2859 470 2932 loqueris.
505 2860 575 2914 Ares.
610 2859 698 2918 Estne
722 2862 841 2918 solidum
866 2861 919 2916 hoo
936 2862 1011 2935 quod
1029 2862 1097 2916 dixi-
1116 2859 1148 2911 17

191 2963 261 3017 mus,
279 2952 329 3001 aut
346 2962 450 3000 vanum
463 2944 570 3017 aliquid
582 2944 655 3000 siout
671 2945 771 3016 nubes,
789 2947 865 3019 quod
877 2946 971 3002 dixisti
979 2949 1002 3016 ²)
1015 2946 1098 3004 nobis

188 3031 317 3088 infideles
346 3031 487 3088 obiicere?
534 3033 602 3086 Bor.
637 3029 716 3088 Nihil
741 3031 864 3089 solidius.
904 3037 974 3089 Arsa.
1007 3032 1099 3104 Pinge
1118 3029 1150 3082 18

190 3114 276 3188 igitur
308 3132 365 3173 nou
396 3132 481 3187 super
507 3113 603 3171 fletam
626 3116 780 3174 vanitatem
807 3119 857 3177 sed
880 3134 965 3190 super
980 3115 1100 3172 solidam

260 3285 286 3356 1)
306 3286 363 3344 ee.
379 3288 455 3344 uer
469 3305 493 3344 ι.
514 3293 547 3345 ro
563 3305 588 3346 u

258 3361 286 3422 ι)
304 3355 360 3412 oe.
378 3357 441 3414 me.
461 3357 483 3414 1.
501 3374 525 3414 ι.
543 3363 569 3415 4.
