2640 3816
217 292 260 364 12
398 289 619 354 s.suseuu1
635 289 944 352 osnuuunmren

178 480 189 512 ς’
216 477 311 519 sonam
335 460 365 516 in
388 460 497 516 duabus
520 460 628 519 naturis
651 465 680 516 et
702 458 773 516 duas
797 463 912 516 naturas
934 460 965 519 iu
985 475 1044 518 uua
1059 475 1122 532 pur·

182 545 293 604 isone.
338 546 514 618 Quapropter
538 561 603 600 cum
630 543 748 601 dicimus
770 544 863 600 Deum
884 545 992 616 aliquid
1016 545 1123 602 humile

214 638 265 690 aut
279 631 419 690 infirmum
434 630 508 701 pati,
524 647 580 686 non
597 629 651 686 hoc
666 630 848 702 intelligimus
866 633 1020 688 secuudum
1037 629 1133 694 subli-v

214 718 340 780 mitatem
364 714 543 786 impassibilis
572 721 701 784 naturae,
734 716 784 772 sod
804 717 957 772 secuudum
979 715 1121 772 infirmita·

214 810 271 861 tem
287 803 424 858 hnmanae
447 799 620 855 substantiae
642 807 726 870 quam
749 799 881 872 gerebat3
906 808 935 858 et
951 800 992 856 sic
1009 808 1121 858 nostrae

181 887 281 944 tifidei
301 888 379 942 nulla
400 885 471 944 ratio
494 885 607 942 obviare
629 886 815 958 cognoscitur.
851 886 898 942 Sic
920 887 994 942 enim
1015 887 1122 942 nullam

215 973 325 1035 divinae
339 970 517 1028 substantiae
533 969 722 1042 significamur
742 971 941 1041 humilitatem,
967 972 1133 1028 sedunam.

181 1058 270 1114 9Dei
295 1063 324 1114 et
344 1057 463 1114 hominis
488 1063 673 1113 monstramus
700 1073 759 1113 esse
785 1072 939 1128 personam
974 1055 1039 1114 Non
1056 1074 1122 1128 ergo

214 1143 433 1212 incarnationa1)
451 1141 505 1198 Dei
532 1141 674 1210 humilitas
697 1142 755 1198 eiua
779 1143 838 1198 ulla
855 1141 1021 1214 intelligitur
1035 1142 1123 1208 facta.

165 1230 198 1282 10
216 1229 266 1288 sed
297 1236 398 1286 natura
428 1227 548 1284 hominis
575 1227 698 1284 creditur
728 1227 856 1284 excitata.
897 1230 967 1282 Boo.
1001 1226 1047 1284 Ita
1071 1228 1122 1284 sit:

215 1315 285 1370 nihil
309 1314 460 1385 imputetur
483 1313 593 1368 divinae
621 1319 752 1378 natiuae,
777 1312 853 1383 quod
877 1312 1029 1368 secundum
1047 1313 1122 1370 infir·

215 1400 340 1456 mitatem
365 1397 484 1454 hominis
514 1399 550 1454 da
575 1397 685 1454 Christo
714 1396 830 1466 dicitnp
861 1415 957 1454 verum
983 1399 1122 1470 quomodo

215 1483 319 1537 iustum
336 1489 386 1536 aut
402 1483 567 1538 rationabile
586 1482 700 1555 probari
717 1482 834 1554 poterit,
858 1483 925 1554 quia
939 1483 1017 1540 Deus
1034 1485 1121 1540 homi·

215 1586 279 1623 nom
303 1567 394 1636 illum,
419 1583 502 1637 quom
521 1568 606 1623 Pater
624 1567 728 1623 Filium
750 1585 831 1622 suum
856 1569 989 1624 dilectum
1012 1568 1042 1624 in
1066 1587 1121 1640 quo

216 1653 270 1708 sibi
286 1650 359 1708 bene
378 1653 560 1725 complacuit,
583 1655 721 1723 vocavit2)
740 1661 769 1709 et
788 1671 872 1726 quem
889 1653 978 1708 Filius
998 1654 1121 1725 seipsum

165 1737 295 1806 riserit,
318 1737 357 1794 sio
381 1738 515 1793 tractavit
537 1744 587 1793 aut
612 1739 727 1794 tractari
752 1739 897 1811 permisit?
933 1739 1011 1806 Quae
1027 1745 1122 1799 auteur

215 1824 321 1879 iustitia
341 1829 390 1893 ost,
414 1823 552 1880 hominem
572 1826 694 1880 omnium
711 1825 891 1880 iustissimum
913 1824 995 1880 morti
1011 1824 1121 1880 tradere

194 1927 266 1981 pro
296 1909 461 1980 peccatore?
505 1909 574 1974 Quis
601 1910 694 1980 homo,
724 1911 748 1965 si
774 1911 949 1967 innocentem
976 1911 1122 1966 damnaret

167 1995 198 2047 12
215 2001 248 2048 ut
265 1999 410 2048 nocentem
428 1991 569 2062 liberaret,
586 1995 761 2050 damnandus
777 2014 833 2051 non
850 1995 1038 2052 iudicaretur?
1072 1994 1120 2050 Ad

216 2077 289 2132 idem
322 2079 396 2146 τεν)
426 2077 528 2132 deduci
556 2077 704 2132 videtur
696 2079 904 2150 inconveniens,
932 2081 1007 2152 quod
1036 2096 1121 2156 supra

195 2149 341 2215 dictum
348 2167 397 2217 est
431 2160 504 2217 Nam
531 2163 555 2217 si
583 2161 664 2218 aliter
691 2169 851 2233 peccatores
874 2183 930 2222 non
952 2167 1045 2238 potuit
1067 2163 1121 2222 sal·

215 2265 282 2302 vare
300 2263 384 2318 quam
402 2246 505 2301 iustum
530 2248 701 2318 damnando,
728 2249 778 2305 ubi
803 2255 845 2306 est
866 2250 925 2308 eius
950 2255 1121 2327 omnipoten-

166 2335 198 2389 13
215 2333 275 2388 tia?
316 2333 346 2390 Si
370 2349 435 2387 vero
460 2334 552 2403 potuit
576 2334 626 2390 sed
648 2333 748 2404 noluit,
780 2335 918 2405 quomodo
941 2340 1121 2398 defendemus

167 2423 199 2473 14
216 2418 380 2490 sapientiam
399 2417 457 2473 eius
475 2423 559 2489 atque
578 2418 732 2474 iustitiam?
766 2421 837 2476 Aoo.
861 2421 939 2478 Deus
956 2423 1041 2482 Pater
1057 2443 1132 2502 nou,

216 2505 449 2576 quemadmodum
472 2503 575 2556 videris
599 2503 768 2576 intelligere,
795 2505 934 2563 hominem
958 2510 1038 2566 illum
1065 2517 1121 2566 tra·

166 2590 302 2646 luctavit
326 2598 376 2647 aut
399 2589 573 2644 innocentem
595 2606 646 2659 pro
664 2596 780 2645 nocente
798 2591 880 2648 morti
898 2593 1022 2658 tradidit.
1056 2597 1121 2655 Non

216 2667 289 2728 enim
317 2693 380 2730 eum
410 2674 526 2730 invitum
554 2675 592 2728 ad
622 2680 738 2729 mortem
767 2675 814 2732 ille
840 2679 933 2752 co'egit
956 2686 1006 2736 aut
1030 2681 1121 2738 occidi

215 2757 354 2829 permisit,
373 2763 422 2815 sed
441 2759 542 2824 idem
533 2778 594 2831 ipse
613 2765 711 2832 sponte
729 2778 779 2815 sua
796 2769 912 2820 mortem
928 2766 1071 2836 sustinuit,
1089 2772 1121 2822 nt

165 2833 198 2899 to'
215 2841 339 2897 homines
358 2845 484 2900 salvaret.
519 2847 588 2904 Boo
625 2845 758 2901 Etiamsi
775 2864 831 2902 non
846 2846 972 2920 invitum,
989 2850 1121 2922 quoniam

215 2927 351 2983 voluntati
382 2929 475 2984 Patris
504 2932 655 3001 consensit,
686 2931 889 3004 quodammodo
921 2940 1014 2990 tamen
1042 2934 1121 2990 illum

164 3018 196 3071 11
215 3013 341 3085 coegisse
379 3012 491 3069 videtur
522 3016 727 3089 praecipiendo.
779 3019 891 3074 Dicitur
926 3019 1014 3090 enim,
1053 3018 1121 3092 quia

287 3207 297 3258 1
330 3219 396 3268 erpo
413 3202 443 3256 in
462 3203 658 3260 incarnatione
677 3203 832 3262 Aach.

226 3269 548 3397 dgddluddadtohdda
554 3278 641 3398 olditt.
661 3341 775 3411 „ersim“
785 3357 808 3396 s.
827 3341 962 3409 „crpo.“
