<?xml version="1.0" encoding="UTF-8"?>
<!DOCTYPE html PUBLIC "-//W3C//DTD XHTML 1.0 Transitional//EN"
    "http://www.w3.org/TR/xhtml1/DTD/xhtml1-transitional.dtd">
<html xmlns="http://www.w3.org/1999/xhtml" xml:lang="en" lang="en">
 <head>
  <title>
</title>
<meta http-equiv="Content-Type" content="text/html;charset=utf-8" />
  <meta name='ocr-system' content='tesseract 3.04.00' />
  <meta name='ocr-capabilities' content='ocr_page ocr_carea ocr_par ocr_line ocrx_word'/>
</head>
<body>
  <div class='ocr_page' id='page_1' title='image "./sanselmicantuar02laemgoog_0050.png"; bbox 0 0 2640 3816; ppageno 0'>
   <div class='ocr_carea' id='block_1_1' title="bbox 362 308 1090 381">
    <p class='ocr_par' dir='ltr' id='par_1_1' title="bbox 362 308 1090 381">
     <span class='ocr_line' id='line_1_1' title="bbox 362 308 1090 381; baseline 0.005 -9"><span class='ocrx_word' id='word_1_1' title='bbox 362 312 439 372; x_wconf 75' lang='lat' dir='ltr'>cun</span> <span class='ocrx_word' id='word_1_2' title='bbox 457 313 557 372; x_wconf 75' lang='lat' dir='ltr'>nnus</span> <span class='ocrx_word' id='word_1_3' title='bbox 574 313 692 371; x_wconf 79' lang='lat' dir='ltr'>nouo.</span> <span class='ocrx_word' id='word_1_4' title='bbox 728 315 749 370; x_wconf 92' lang='lat'>1.</span> <span class='ocrx_word' id='word_1_5' title='bbox 772 319 880 369; x_wconf 78' lang='lat'><strong>12-15.</strong></span> <span class='ocrx_word' id='word_1_6' title='bbox 962 371 964 376; x_wconf 88' lang='grc'>,</span> <span class='ocrx_word' id='word_1_7' title='bbox 1028 308 1090 381; x_wconf 77' lang='grc'>25,</span> 
     </span>
    </p>
   </div>
   <div class='ocr_carea' id='block_1_2' title="bbox 169 606 1134 2854">
    <p class='ocr_par' dir='ltr' id='par_1_2' title="bbox 169 606 1134 2854">
     <span class='ocr_line' id='line_1_2' title="bbox 192 606 1104 710; baseline 0 -18"><span class='ocrx_word' id='word_1_8' title='bbox 192 674 194 684; x_wconf 67' lang='grc'><strong>«</strong></span> <span class='ocrx_word' id='word_1_9' title='bbox 247 606 315 692; x_wconf 80' lang='lat'>14.</span> <span class='ocrx_word' id='word_1_10' title='bbox 366 640 435 694; x_wconf 76' lang='lat' dir='ltr'>Bor.</span> <span class='ocrx_word' id='word_1_11' title='bbox 471 638 527 696; x_wconf 81' lang='lat' dir='ltr'>Sed</span> <span class='ocrx_word' id='word_1_12' title='bbox 553 639 617 694; x_wconf 88' lang='lat' dir='ltr'>volo</span> <span class='ocrx_word' id='word_1_13' title='bbox 644 653 664 692; x_wconf 76' lang='lat' dir='ltr'>o</span> <span class='ocrx_word' id='word_1_14' title='bbox 687 645 716 694; x_wconf 88' lang='lat' dir='ltr'>te</span> <span class='ocrx_word' id='word_1_15' title='bbox 742 637 853 707; x_wconf 76' lang='lat' dir='ltr'>audire,</span> <span class='ocrx_word' id='word_1_16' title='bbox 881 637 905 691; x_wconf 80' lang='lat' dir='ltr'>ei</span> <span class='ocrx_word' id='word_1_17' title='bbox 930 638 1104 710; x_wconf 78' lang='lat' dir='ltr'>peccentie1</span> 
     </span>
     <span class='ocr_line' id='line_1_3' title="bbox 169 723 1071 799; baseline -0.006 -18"><span class='ocrx_word' id='word_1_18' title='bbox 169 743 260 799; x_wconf 72' lang='lat' dir='ltr'>poene</span> <span class='ocrx_word' id='word_1_19' title='bbox 278 726 315 782; x_wconf 75' lang='lat' dir='ltr'>rit</span> <span class='ocrx_word' id='word_1_20' title='bbox 336 724 379 780; x_wconf 91' lang='lat' dir='ltr'>illi</span> <span class='ocrx_word' id='word_1_21' title='bbox 404 725 491 780; x_wconf 80' lang='lat' dir='ltr'>honor</span> <span class='ocrx_word' id='word_1_22' title='bbox 511 731 563 781; x_wconf 79' lang='lat' dir='ltr'>eut</span> <span class='ocrx_word' id='word_1_23' title='bbox 584 723 740 780; x_wconf 79' lang='lat' dir='ltr'>cuiusmodi</span> <span class='ocrx_word' id='word_1_24' title='bbox 763 724 850 779; x_wconf 84' lang='lat' dir='ltr'>honor</span> <span class='ocrx_word' id='word_1_25' title='bbox 870 723 913 778; x_wconf 80' lang='lat' dir='ltr'>eit</span> <span class='ocrx_word' id='word_1_26' title='bbox 948 723 979 780; x_wconf 84' lang='lat' dir='ltr'>Si</span> <span class='ocrx_word' id='word_1_27' title='bbox 998 724 1071 780; x_wconf 87' lang='lat' dir='ltr'>enim</span> 
     </span>
     <span class='ocr_line' id='line_1_4' title="bbox 169 810 1075 884; baseline -0.001 -16"><span class='ocrx_word' id='word_1_28' title='bbox 169 829 261 884; x_wconf 78' lang='lat' dir='ltr'>poene</span> <span class='ocrx_word' id='word_1_29' title='bbox 277 811 420 883; x_wconf 70' lang='lat' dir='ltr'>poteentia</span> <span class='ocrx_word' id='word_1_30' title='bbox 439 827 496 865; x_wconf 90' lang='lat' dir='ltr'>non</span> <span class='ocrx_word' id='word_1_31' title='bbox 520 811 580 865; x_wconf 84' lang='lat' dir='ltr'>eius</span> <span class='ocrx_word' id='word_1_32' title='bbox 603 810 691 866; x_wconf 90' lang='lat' dir='ltr'>honor</span> <span class='ocrx_word' id='word_1_33' title='bbox 709 815 766 866; x_wconf 72' lang='lat' dir='ltr'>eutr</span> <span class='ocrx_word' id='word_1_34' title='bbox 792 827 855 865; x_wconf 86' lang='lat' dir='ltr'>oum</span> <span class='ocrx_word' id='word_1_35' title='bbox 871 818 1001 883; x_wconf 85' lang='lat' dir='ltr'>peeeetor</span> <span class='ocrx_word' id='word_1_36' title='bbox 1018 828 1075 867; x_wconf 91' lang='lat' dir='ltr'>non</span> 
     </span>
     <span class='ocr_line' id='line_1_5' title="bbox 170 895 1075 969; baseline -0.001 -17"><span class='ocrx_word' id='word_1_37' title='bbox 170 897 252 952; x_wconf 73' lang='lat' dir='ltr'>solvit</span> <span class='ocrx_word' id='word_1_38' title='bbox 269 897 343 969; x_wconf 90' lang='lat' dir='ltr'>quod</span> <span class='ocrx_word' id='word_1_39' title='bbox 362 896 491 960; x_wconf 80' lang='lat' dir='ltr'>abstulit,</span> <span class='ocrx_word' id='word_1_40' title='bbox 512 897 562 950; x_wconf 78' lang='lat' dir='ltr'>sed</span> <span class='ocrx_word' id='word_1_41' title='bbox 579 897 709 968; x_wconf 86' lang='lat' dir='ltr'>punitur,</span> <span class='ocrx_word' id='word_1_42' title='bbox 729 897 769 950; x_wconf 82' lang='lat' dir='ltr'>sie</span> <span class='ocrx_word' id='word_1_43' title='bbox 787 897 878 968; x_wconf 78' lang='lat' dir='ltr'><strong>perdit</strong></span> <span class='ocrx_word' id='word_1_44' title='bbox 895 898 971 953; x_wconf 81' lang='lat' dir='ltr'>Deus</span> <span class='ocrx_word' id='word_1_45' title='bbox 991 895 1075 951; x_wconf 89' lang='lat' dir='ltr'>hono-</span> 
     </span>
     <span class='ocr_line' id='line_1_6' title="bbox 170 982 1077 1055; baseline 0 -17"><span class='ocrx_word' id='word_1_46' title='bbox 170 1001 228 1038; x_wconf 85' lang='lat' dir='ltr'>rem</span> <span class='ocrx_word' id='word_1_47' title='bbox 246 997 342 1052; x_wconf 79' lang='lat' dir='ltr'>ouum‚·</span> <span class='ocrx_word' id='word_1_48' title='bbox 361 989 393 1038; x_wconf 93' lang='lat' dir='ltr'>ut</span> <span class='ocrx_word' id='word_1_49' title='bbox 413 1001 470 1038; x_wconf 92' lang='lat' dir='ltr'>non</span> <span class='ocrx_word' id='word_1_50' title='bbox 492 987 651 1052; x_wconf 75' lang='lat' dir='ltr'>reeuperet3</span> <span class='ocrx_word' id='word_1_51' title='bbox 676 983 750 1055; x_wconf 89' lang='lat' dir='ltr'>quod</span> <span class='ocrx_word' id='word_1_52' title='bbox 769 982 902 1054; x_wconf 81' lang='lat' dir='ltr'>hisquae</span> <span class='ocrx_word' id='word_1_53' title='bbox 921 983 997 1039; x_wconf 77' lang='lat' dir='ltr'>diota</span> <span class='ocrx_word' id='word_1_54' title='bbox 1012 989 1077 1038; x_wconf 80' lang='lat' dir='ltr'>runt</span> 
     </span>
     <span class='ocr_line' id='line_1_7' title="bbox 170 1067 1108 1140; baseline 0.002 -17"><span class='ocrx_word' id='word_1_55' title='bbox 170 1085 328 1140; x_wconf 72' lang='lat' dir='ltr'>repugnare</span> <span class='ocrx_word' id='word_1_56' title='bbox 346 1067 464 1127; x_wconf 84' lang='lat' dir='ltr'>videtur.</span> <span class='ocrx_word' id='word_1_57' title='bbox 499 1069 566 1122; x_wconf 77' lang='lat' dir='ltr'>Am.</span> <span class='ocrx_word' id='word_1_58' title='bbox 589 1067 681 1122; x_wconf 86' lang='lat' dir='ltr'>Deum</span> <span class='ocrx_word' id='word_1_59' title='bbox 697 1067 868 1138; x_wconf 75' lang='lat' dir='ltr'>impossibile</span> <span class='ocrx_word' id='word_1_60' title='bbox 887 1075 929 1125; x_wconf 87' lang='lat' dir='ltr'>eet</span> <span class='ocrx_word' id='word_1_61' title='bbox 945 1070 1108 1126; x_wconf 75' lang='lat' dir='ltr'>honorent</span> 
     </span>
     <span class='ocr_line' id='line_1_8' title="bbox 172 1153 1078 1226; baseline 0.003 -18"><span class='ocrx_word' id='word_1_62' title='bbox 172 1167 254 1209; x_wconf 73' lang='lat' dir='ltr'>tuum</span> <span class='ocrx_word' id='word_1_63' title='bbox 279 1155 411 1226; x_wconf 74' lang='lat' dir='ltr'>perdere3</span> <span class='ocrx_word' id='word_1_64' title='bbox 445 1160 494 1210; x_wconf 79' lang='lat' dir='ltr'>aut</span> <span class='ocrx_word' id='word_1_65' title='bbox 526 1153 599 1210; x_wconf 85' lang='lat' dir='ltr'>enim</span> <span class='ocrx_word' id='word_1_66' title='bbox 620 1159 751 1224; x_wconf 78' lang='lat' dir='ltr'>peccator</span> <span class='ocrx_word' id='word_1_67' title='bbox 775 1161 873 1222; x_wconf 79' lang='lat' dir='ltr'>sponte</span> <span class='ocrx_word' id='word_1_68' title='bbox 895 1155 978 1210; x_wconf 78' lang='lat' dir='ltr'>solvit</span> <span class='ocrx_word' id='word_1_69' title='bbox 1002 1157 1078 1226; x_wconf 84' lang='lat' dir='ltr'>quod</span> 
     </span>
     <span class='ocr_line' id='line_1_9' title="bbox 174 1238 1109 1311; baseline 0.001 -17"><span class='ocrx_word' id='word_1_70' title='bbox 174 1239 265 1308; x_wconf 88' lang='lat' dir='ltr'>debet,</span> <span class='ocrx_word' id='word_1_71' title='bbox 282 1246 332 1294; x_wconf 76' lang='lat' dir='ltr'>eut</span> <span class='ocrx_word' id='word_1_72' title='bbox 350 1240 427 1294; x_wconf 79' lang='lat' dir='ltr'>Deus</span> <span class='ocrx_word' id='word_1_73' title='bbox 445 1240 482 1295; x_wconf 77' lang='lat' dir='ltr'>ab</span> <span class='ocrx_word' id='word_1_74' title='bbox 495 1239 582 1294; x_wconf 85' lang='lat' dir='ltr'>invito</span> <span class='ocrx_word' id='word_1_75' title='bbox 600 1239 711 1311; x_wconf 77' lang='lat' dir='ltr'>occipit.</span> <span class='ocrx_word' id='word_1_76' title='bbox 747 1238 820 1295; x_wconf 81' lang='lat' dir='ltr'>Nem</span> <span class='ocrx_word' id='word_1_77' title='bbox 839 1247 888 1295; x_wconf 81' lang='lat' dir='ltr'>eut</span> <span class='ocrx_word' id='word_1_78' title='bbox 904 1239 985 1294; x_wconf 90' lang='lat' dir='ltr'>homo</span> <span class='ocrx_word' id='word_1_79' title='bbox 1001 1242 1109 1301; x_wconf 67' lang='lat' dir='ltr'>debis</span> 
     </span>
     <span class='ocr_line' id='line_1_10' title="bbox 171 1323 1077 1399; baseline 0.001 -20"><span class='ocrx_word' id='word_1_80' title='bbox 171 1330 230 1379; x_wconf 70' lang='lat' dir='ltr'>tem</span> <span class='ocrx_word' id='word_1_81' title='bbox 256 1324 454 1382; x_wconf 75' lang='lat' dir='ltr'>subiectionem</span> <span class='ocrx_word' id='word_1_82' title='bbox 480 1325 554 1393; x_wconf 91' lang='lat' dir='ltr'>Deo,</span> <span class='ocrx_word' id='word_1_83' title='bbox 582 1325 640 1380; x_wconf 80' lang='lat' dir='ltr'>sive</span> <span class='ocrx_word' id='word_1_84' title='bbox 665 1340 721 1379; x_wconf 90' lang='lat' dir='ltr'>non</span> <span class='ocrx_word' id='word_1_85' title='bbox 746 1323 889 1396; x_wconf 78' lang='lat' dir='ltr'>peccando</span> <span class='ocrx_word' id='word_1_86' title='bbox 917 1325 974 1381; x_wconf 80' lang='lat' dir='ltr'>sive</span> <span class='ocrx_word' id='word_1_87' title='bbox 1002 1327 1077 1399; x_wconf 85' lang='lat' dir='ltr'>quod</span> 
     </span>
     <span class='ocr_line' id='line_1_11' title="bbox 172 1410 1130 1484; baseline 0.001 -19"><span class='ocrx_word' id='word_1_88' title='bbox 172 1417 272 1481; x_wconf 76' lang='lat' dir='ltr'>peooet</span> <span class='ocrx_word' id='word_1_89' title='bbox 289 1411 434 1480; x_wconf 79' lang='lat' dir='ltr'>solvendo,</span> <span class='ocrx_word' id='word_1_90' title='bbox 452 1411 595 1466; x_wconf 71' lang='lat' dir='ltr'>voluntate</span> <span class='ocrx_word' id='word_1_91' title='bbox 616 1417 769 1484; x_wconf 75' lang='lat' dir='ltr'>spontanee</span> <span class='ocrx_word' id='word_1_92' title='bbox 784 1411 908 1480; x_wconf 82' lang='lat' dir='ltr'><strong>exhibet,</strong></span> <span class='ocrx_word' id='word_1_93' title='bbox 933 1417 982 1466; x_wconf 86' lang='lat' dir='ltr'>aut</span> <span class='ocrx_word' id='word_1_94' title='bbox 998 1410 1076 1468; x_wconf 85' lang='lat' dir='ltr'>Deus</span> <span class='ocrx_word' id='word_1_95' title='bbox 1128 1451 1130 1454; x_wconf 29' lang='grc' dir='ltr'>ψ</span> 
     </span>
     <span class='ocr_line' id='line_1_12' title="bbox 174 1495 1078 1567; baseline 0.001 -16"><span class='ocrx_word' id='word_1_96' title='bbox 174 1513 237 1551; x_wconf 86' lang='lat' dir='ltr'>eum</span> <span class='ocrx_word' id='word_1_97' title='bbox 257 1495 375 1552; x_wconf 84' lang='lat' dir='ltr'>invitum</span> <span class='ocrx_word' id='word_1_98' title='bbox 393 1497 447 1552; x_wconf 83' lang='lat' dir='ltr'>sibi</span> <span class='ocrx_word' id='word_1_99' title='bbox 468 1497 623 1567; x_wconf 85' lang='lat' dir='ltr'>torquendo</span> <span class='ocrx_word' id='word_1_100' title='bbox 646 1497 759 1552; x_wconf 77' lang='lat' dir='ltr'>subiicit</span> <span class='ocrx_word' id='word_1_101' title='bbox 776 1503 804 1552; x_wconf 86' lang='lat' dir='ltr'>et</span> <span class='ocrx_word' id='word_1_102' title='bbox 822 1497 862 1552; x_wconf 82' lang='lat' dir='ltr'>oio</span> <span class='ocrx_word' id='word_1_103' title='bbox 880 1515 910 1552; x_wconf 83' lang='lat' dir='ltr'>se</span> <span class='ocrx_word' id='word_1_104' title='bbox 926 1497 1078 1552; x_wconf 89' lang='lat' dir='ltr'>Dominum</span> 
     </span>
     <span class='ocr_line' id='line_1_13' title="bbox 174 1581 1078 1652; baseline 0.004 -17"><span class='ocrx_word' id='word_1_105' title='bbox 174 1581 234 1636; x_wconf 72' lang='lat' dir='ltr'>eius</span> <span class='ocrx_word' id='word_1_106' title='bbox 252 1600 311 1638; x_wconf 71' lang='lat' dir='ltr'>enee</span> <span class='ocrx_word' id='word_1_107' title='bbox 334 1583 471 1652; x_wconf 83' lang='lat' dir='ltr'>ostendit,</span> <span class='ocrx_word' id='word_1_108' title='bbox 499 1581 574 1652; x_wconf 88' lang='lat' dir='ltr'>quod</span> <span class='ocrx_word' id='word_1_109' title='bbox 594 1581 654 1652; x_wconf 79' lang='lat' dir='ltr'>ipse</span> <span class='ocrx_word' id='word_1_110' title='bbox 677 1582 760 1637; x_wconf 90' lang='lat' dir='ltr'>homo</span> <span class='ocrx_word' id='word_1_111' title='bbox 777 1584 920 1638; x_wconf 76' lang='lat' dir='ltr'>voluntate</span> <span class='ocrx_word' id='word_1_112' title='bbox 937 1584 1019 1639; x_wconf 78' lang='lat' dir='ltr'>fateri</span> <span class='ocrx_word' id='word_1_113' title='bbox 1036 1601 1078 1639; x_wconf 88' lang='lat' dir='ltr'>re-</span> 
     </span>
     <span class='ocr_line' id='line_1_14' title="bbox 176 1667 1113 1740; baseline 0.001 -20"><span class='ocrx_word' id='word_1_114' title='bbox 176 1673 262 1722; x_wconf 74' lang='lat' dir='ltr'>cuset</span> <span class='ocrx_word' id='word_1_115' title='bbox 302 1668 343 1722; x_wconf 89' lang='lat' dir='ltr'>In·</span> <span class='ocrx_word' id='word_1_116' title='bbox 364 1685 419 1739; x_wconf 91' lang='lat' dir='ltr'>quo</span> <span class='ocrx_word' id='word_1_117' title='bbox 445 1667 687 1736; x_wconf 76' lang='lat' dir='ltr'>oonoiderondum,</span> <span class='ocrx_word' id='word_1_118' title='bbox 714 1668 781 1739; x_wconf 81' lang='lat' dir='ltr'>quia</span> <span class='ocrx_word' id='word_1_119' title='bbox 808 1668 880 1723; x_wconf 84' lang='lat' dir='ltr'>siout</span> <span class='ocrx_word' id='word_1_120' title='bbox 905 1668 987 1724; x_wconf 92' lang='lat' dir='ltr'>homo</span> <span class='ocrx_word' id='word_1_121' title='bbox 1015 1671 1113 1740; x_wconf 80' lang='lat' dir='ltr'>pec-4</span> 
     </span>
     <span class='ocr_line' id='line_1_15' title="bbox 175 1751 1080 1824; baseline 0.003 -19"><span class='ocrx_word' id='word_1_122' title='bbox 175 1752 267 1808; x_wconf 74' lang='lat' dir='ltr'>eundo</span> <span class='ocrx_word' id='word_1_123' title='bbox 296 1753 370 1824; x_wconf 75' lang='lat' dir='ltr'>repit</span> <span class='ocrx_word' id='word_1_124' title='bbox 395 1754 472 1824; x_wconf 86' lang='lat' dir='ltr'>quod</span> <span class='ocrx_word' id='word_1_125' title='bbox 500 1753 555 1808; x_wconf 87' lang='lat' dir='ltr'>Dei</span> <span class='ocrx_word' id='word_1_126' title='bbox 583 1759 639 1824; x_wconf 77' lang='lat' dir='ltr'>eet,</span> <span class='ocrx_word' id='word_1_127' title='bbox 667 1755 708 1808; x_wconf 77' lang='lat' dir='ltr'>ita</span> <span class='ocrx_word' id='word_1_128' title='bbox 724 1753 801 1808; x_wconf 79' lang='lat' dir='ltr'>Deus</span> <span class='ocrx_word' id='word_1_129' title='bbox 819 1753 960 1823; x_wconf 86' lang='lat' dir='ltr'>puniendo</span> <span class='ocrx_word' id='word_1_130' title='bbox 989 1751 1080 1808; x_wconf 65' lang='lat' dir='ltr'>enfert&#39;</span> 
     </span>
     <span class='ocr_line' id='line_1_16' title="bbox 176 1837 1080 1912; baseline 0.002 -22"><span class='ocrx_word' id='word_1_131' title='bbox 176 1837 250 1909; x_wconf 89' lang='lat' dir='ltr'>qnod</span> <span class='ocrx_word' id='word_1_132' title='bbox 266 1837 384 1894; x_wconf 83' lang='lat' dir='ltr'>hominio</span> <span class='ocrx_word' id='word_1_133' title='bbox 403 1845 451 1896; x_wconf 82' lang='lat' dir='ltr'>est.</span> <span class='ocrx_word' id='word_1_134' title='bbox 486 1839 597 1912; x_wconf 77' lang='lat' dir='ltr'>Quippe</span> <span class='ocrx_word' id='word_1_135' title='bbox 619 1857 684 1897; x_wconf 72' lang='lat' dir='ltr'>non,</span> <span class='ocrx_word' id='word_1_136' title='bbox 700 1839 790 1895; x_wconf 79' lang='lat' dir='ltr'>nolum</span> <span class='ocrx_word' id='word_1_137' title='bbox 804 1840 832 1894; x_wconf 88' lang='lat' dir='ltr'>id</span> <span class='ocrx_word' id='word_1_138' title='bbox 851 1839 942 1909; x_wconf 80' lang='lat' dir='ltr'>ipsum</span> <span class='ocrx_word' id='word_1_139' title='bbox 962 1838 1080 1896; x_wconf 77' lang='lat' dir='ltr'>alieuius</span> 
     </span>
     <span class='ocr_line' id='line_1_17' title="bbox 177 1922 1081 1997; baseline 0.001 -20"><span class='ocrx_word' id='word_1_140' title='bbox 177 1941 236 1978; x_wconf 74' lang='lat' dir='ltr'>ense</span> <span class='ocrx_word' id='word_1_141' title='bbox 263 1924 365 1980; x_wconf 83' lang='lat' dir='ltr'>dieitur</span> <span class='ocrx_word' id='word_1_142' title='bbox 389 1927 540 1997; x_wconf 79' lang='lat' dir='ltr'>quodiam</span> <span class='ocrx_word' id='word_1_143' title='bbox 564 1924 701 1997; x_wconf 79' lang='lat' dir='ltr'><strong>possidet,</strong></span> <span class='ocrx_word' id='word_1_144' title='bbox 725 1923 775 1978; x_wconf 85' lang='lat' dir='ltr'>sed</span> <span class='ocrx_word' id='word_1_145' title='bbox 803 1922 878 1994; x_wconf 85' lang='lat' dir='ltr'>quod</span> <span class='ocrx_word' id='word_1_146' title='bbox 899 1923 928 1977; x_wconf 89' lang='lat' dir='ltr'>in</span> <span class='ocrx_word' id='word_1_147' title='bbox 951 1923 1010 1978; x_wconf 86' lang='lat' dir='ltr'>eius</span> <span class='ocrx_word' id='word_1_148' title='bbox 1031 1939 1081 1993; x_wconf 86' lang='lat' dir='ltr'>po·</span> 
     </span>
     <span class='ocr_line' id='line_1_18' title="bbox 176 2009 1115 2082; baseline 0 -16"><span class='ocrx_word' id='word_1_149' title='bbox 176 2017 276 2067; x_wconf 75' lang='lat' dir='ltr'>testate</span> <span class='ocrx_word' id='word_1_150' title='bbox 299 2016 342 2067; x_wconf 84' lang='lat' dir='ltr'>est</span> <span class='ocrx_word' id='word_1_151' title='bbox 365 2017 397 2066; x_wconf 88' lang='lat' dir='ltr'>ut</span> <span class='ocrx_word' id='word_1_152' title='bbox 419 2011 529 2068; x_wconf 78' lang='lat' dir='ltr'>hebeat</span> <span class='ocrx_word' id='word_1_153' title='bbox 566 2010 703 2076; x_wconf 80' lang='lat' dir='ltr'><strong>Quoniam</strong></span> <span class='ocrx_word' id='word_1_154' title='bbox 729 2027 796 2082; x_wconf 84' lang='lat' dir='ltr'>ergo</span> <span class='ocrx_word' id='word_1_155' title='bbox 818 2009 900 2064; x_wconf 91' lang='lat' dir='ltr'>homo</span> <span class='ocrx_word' id='word_1_156' title='bbox 925 2009 966 2063; x_wconf 75' lang='lat' dir='ltr'>ita</span> <span class='ocrx_word' id='word_1_157' title='bbox 989 2009 1115 2066; x_wconf 71' lang='lat' dir='ltr'>factust</span> 
     </span>
     <span class='ocr_line' id='line_1_19' title="bbox 177 2094 1081 2167; baseline 0.003 -17"><span class='ocrx_word' id='word_1_158' title='bbox 177 2102 234 2165; x_wconf 80' lang='lat' dir='ltr'>ert,</span> <span class='ocrx_word' id='word_1_159' title='bbox 259 2103 293 2152; x_wconf 91' lang='lat' dir='ltr'>ut</span> <span class='ocrx_word' id='word_1_160' title='bbox 318 2097 519 2154; x_wconf 73' lang='lat' dir='ltr'>beatitudinem</span> <span class='ocrx_word' id='word_1_161' title='bbox 544 2096 647 2152; x_wconf 80' lang='lat' dir='ltr'>hebere</span> <span class='ocrx_word' id='word_1_162' title='bbox 672 2099 781 2167; x_wconf 75' lang='lat' dir='ltr'>posset,</span> <span class='ocrx_word' id='word_1_163' title='bbox 809 2094 833 2148; x_wconf 77' lang='lat' dir='ltr'>ei</span> <span class='ocrx_word' id='word_1_164' title='bbox 861 2113 917 2150; x_wconf 92' lang='lat' dir='ltr'>non</span> <span class='ocrx_word' id='word_1_165' title='bbox 940 2102 1081 2166; x_wconf 74' lang='lat' dir='ltr'>peccaret:</span> 
     </span>
     <span class='ocr_line' id='line_1_20' title="bbox 178 2180 1083 2254; baseline 0 -18"><span class='ocrx_word' id='word_1_166' title='bbox 178 2199 242 2236; x_wconf 84' lang='lat' dir='ltr'>eum</span> <span class='ocrx_word' id='word_1_167' title='bbox 258 2189 373 2254; x_wconf 87' lang='lat' dir='ltr'>propter</span> <span class='ocrx_word' id='word_1_168' title='bbox 395 2188 542 2254; x_wconf 77' lang='lat' dir='ltr'>peecatum</span> <span class='ocrx_word' id='word_1_169' title='bbox 561 2181 736 2238; x_wconf 79' lang='lat' dir='ltr'>beatitudine</span> <span class='ocrx_word' id='word_1_170' title='bbox 761 2187 789 2236; x_wconf 88' lang='lat' dir='ltr'>et</span> <span class='ocrx_word' id='word_1_171' title='bbox 807 2181 880 2235; x_wconf 92' lang='lat' dir='ltr'>omni</span> <span class='ocrx_word' id='word_1_172' title='bbox 899 2180 974 2235; x_wconf 89' lang='lat' dir='ltr'>bono</span> <span class='ocrx_word' id='word_1_173' title='bbox 991 2180 1083 2251; x_wconf 78' lang='lat' dir='ltr'>prive-</span> 
     </span>
     <span class='ocr_line' id='line_1_21' title="bbox 178 2267 1082 2340; baseline -0.001 -18"><span class='ocrx_word' id='word_1_174' title='bbox 178 2273 232 2334; x_wconf 81' lang='lat' dir='ltr'>tur,</span> <span class='ocrx_word' id='word_1_175' title='bbox 259 2268 295 2324; x_wconf 90' lang='lat' dir='ltr'>de</span> <span class='ocrx_word' id='word_1_176' title='bbox 317 2285 367 2324; x_wconf 85' lang='lat' dir='ltr'>suo</span> <span class='ocrx_word' id='word_1_177' title='bbox 390 2269 515 2340; x_wconf 71' lang='lat' dir='ltr'>quemvis</span> <span class='ocrx_word' id='word_1_178' title='bbox 538 2267 641 2322; x_wconf 79' lang='lat' dir='ltr'>inritus</span> <span class='ocrx_word' id='word_1_179' title='bbox 666 2267 749 2322; x_wconf 79' lang='lat' dir='ltr'>solvit</span> <span class='ocrx_word' id='word_1_180' title='bbox 775 2267 849 2339; x_wconf 86' lang='lat' dir='ltr'>quod</span> <span class='ocrx_word' id='word_1_181' title='bbox 873 2267 982 2337; x_wconf 77' lang='lat' dir='ltr'>rapuit3</span> <span class='ocrx_word' id='word_1_182' title='bbox 1009 2267 1082 2338; x_wconf 79' lang='lat' dir='ltr'>quia,</span> 
     </span>
     <span class='ocr_line' id='line_1_22' title="bbox 179 2352 1084 2410; baseline 0 -4"><span class='ocrx_word' id='word_1_183' title='bbox 179 2352 248 2409; x_wconf 81' lang='lat' dir='ltr'>lieet</span> <span class='ocrx_word' id='word_1_184' title='bbox 273 2353 349 2409; x_wconf 75' lang='lat' dir='ltr'>Deus</span> <span class='ocrx_word' id='word_1_185' title='bbox 375 2356 427 2410; x_wconf 85' lang='lat' dir='ltr'>hoe</span> <span class='ocrx_word' id='word_1_186' title='bbox 451 2354 490 2409; x_wconf 83' lang='lat' dir='ltr'>ed</span> <span class='ocrx_word' id='word_1_187' title='bbox 518 2371 598 2408; x_wconf 82' lang='lat' dir='ltr'>usum</span> <span class='ocrx_word' id='word_1_188' title='bbox 622 2353 666 2406; x_wconf 78' lang='lat' dir='ltr'>sui</span> <span class='ocrx_word' id='word_1_189' title='bbox 691 2352 829 2408; x_wconf 87' lang='lat' dir='ltr'>oommodi</span> <span class='ocrx_word' id='word_1_190' title='bbox 857 2369 913 2406; x_wconf 94' lang='lat' dir='ltr'>non</span> <span class='ocrx_word' id='word_1_191' title='bbox 933 2352 1084 2408; x_wconf 75' lang='lat' dir='ltr'>transferet</span> 
     </span>
     <span class='ocr_line' id='line_1_23' title="bbox 181 2437 1082 2512; baseline -0.002 -18"><span class='ocrx_word' id='word_1_192' title='bbox 181 2438 257 2512; x_wconf 82' lang='lat' dir='ltr'>quod</span> <span class='ocrx_word' id='word_1_193' title='bbox 273 2439 377 2505; x_wconf 79' lang='lat' dir='ltr'>aufert,</span> <span class='ocrx_word' id='word_1_194' title='bbox 402 2441 474 2495; x_wconf 78' lang='lat' dir='ltr'>siout</span> <span class='ocrx_word' id='word_1_195' title='bbox 490 2439 572 2494; x_wconf 90' lang='lat' dir='ltr'>homo</span> <span class='ocrx_word' id='word_1_196' title='bbox 590 2439 737 2511; x_wconf 79' lang='lat' dir='ltr'>pecuniam</span> <span class='ocrx_word' id='word_1_197' title='bbox 754 2457 838 2512; x_wconf 82' lang='lat' dir='ltr'>quem</span> <span class='ocrx_word' id='word_1_198' title='bbox 856 2438 904 2492; x_wconf 77' lang='lat' dir='ltr'>alii</span> <span class='ocrx_word' id='word_1_199' title='bbox 922 2438 1026 2508; x_wconf 82' lang='lat' dir='ltr'>aufert,</span> <span class='ocrx_word' id='word_1_200' title='bbox 1052 2437 1082 2492; x_wconf 89' lang='lat' dir='ltr'>in</span> 
     </span>
     <span class='ocr_line' id='line_1_24' title="bbox 181 2523 1083 2594; baseline -0.002 -14"><span class='ocrx_word' id='word_1_201' title='bbox 181 2541 260 2581; x_wconf 77' lang='lat' dir='ltr'>ouem</span> <span class='ocrx_word' id='word_1_202' title='bbox 277 2527 412 2580; x_wconf 79' lang='lat' dir='ltr'>convertit</span> <span class='ocrx_word' id='word_1_203' title='bbox 428 2526 589 2581; x_wconf 76' lang='lat' dir='ltr'>utilitatem:</span> <span class='ocrx_word' id='word_1_204' title='bbox 616 2523 669 2580; x_wconf 87' lang='lat' dir='ltr'>hoo</span> <span class='ocrx_word' id='word_1_205' title='bbox 696 2530 790 2580; x_wconf 77' lang='lat' dir='ltr'>tamen</span> <span class='ocrx_word' id='word_1_206' title='bbox 808 2524 883 2594; x_wconf 91' lang='lat' dir='ltr'>quod</span> <span class='ocrx_word' id='word_1_207' title='bbox 901 2523 1004 2593; x_wconf 82' lang='lat' dir='ltr'>aufert,</span> <span class='ocrx_word' id='word_1_208' title='bbox 1030 2523 1083 2578; x_wconf 82' lang='lat' dir='ltr'>uti-</span> 
     </span>
     <span class='ocr_line' id='line_1_25' title="bbox 180 2607 1134 2681; baseline -0.009 -14"><span class='ocrx_word' id='word_1_209' title='bbox 180 2617 227 2667; x_wconf 85' lang='lat' dir='ltr'>tur</span> <span class='ocrx_word' id='word_1_210' title='bbox 257 2612 294 2666; x_wconf 78' lang='lat' dir='ltr'>ed</span> <span class='ocrx_word' id='word_1_211' title='bbox 322 2629 403 2666; x_wconf 83' lang='lat' dir='ltr'>ouum</span> <span class='ocrx_word' id='word_1_212' title='bbox 432 2611 574 2680; x_wconf 87' lang='lat' dir='ltr'>honorem,</span> <span class='ocrx_word' id='word_1_213' title='bbox 603 2627 654 2681; x_wconf 84' lang='lat' dir='ltr'>por</span> <span class='ocrx_word' id='word_1_214' title='bbox 678 2611 730 2664; x_wconf 89' lang='lat' dir='ltr'>hoo</span> <span class='ocrx_word' id='word_1_215' title='bbox 758 2609 824 2680; x_wconf 82' lang='lat' dir='ltr'>quia</span> <span class='ocrx_word' id='word_1_216' title='bbox 850 2609 948 2664; x_wconf 78' lang='lat' dir='ltr'>aufert.</span> <span class='ocrx_word' id='word_1_217' title='bbox 995 2608 1083 2664; x_wconf 83' lang='lat' dir='ltr'>Aufe-</span> <span class='ocrx_word' id='word_1_218' title='bbox 1118 2607 1134 2658; x_wconf 89' lang='grc'><strong>6</strong></span> 
     </span>
     <span class='ocr_line' id='line_1_26' title="bbox 180 2692 1084 2768; baseline -0.008 -14"><span class='ocrx_word' id='word_1_219' title='bbox 180 2699 268 2754; x_wconf 84' lang='lat' dir='ltr'>rendo</span> <span class='ocrx_word' id='word_1_220' title='bbox 290 2698 363 2753; x_wconf 89' lang='lat' dir='ltr'>enim</span> <span class='ocrx_word' id='word_1_221' title='bbox 382 2703 555 2768; x_wconf 76' lang='lat' dir='ltr'>peecatorem</span> <span class='ocrx_word' id='word_1_222' title='bbox 573 2702 601 2751; x_wconf 85' lang='lat' dir='ltr'>et</span> <span class='ocrx_word' id='word_1_223' title='bbox 620 2707 692 2765; x_wconf 72' lang='lat' dir='ltr'>quae</span> <span class='ocrx_word' id='word_1_224' title='bbox 708 2695 784 2750; x_wconf 84' lang='lat' dir='ltr'>iliius</span> <span class='ocrx_word' id='word_1_225' title='bbox 803 2700 870 2749; x_wconf 80' lang='lat' dir='ltr'>nunt</span> <span class='ocrx_word' id='word_1_226' title='bbox 888 2694 1013 2750; x_wconf 73' lang='lat' dir='ltr'>subiecta</span> <span class='ocrx_word' id='word_1_227' title='bbox 1029 2692 1084 2748; x_wconf 83' lang='lat' dir='ltr'>eibi</span> 
     </span>
     <span class='ocr_line' id='line_1_27' title="bbox 181 2784 368 2854; baseline -0.011 -14"><span class='ocrx_word' id='word_1_228' title='bbox 181 2801 242 2840; x_wconf 81' lang='lat' dir='ltr'>eme</span> <span class='ocrx_word' id='word_1_229' title='bbox 259 2784 368 2854; x_wconf 80' lang='lat' dir='ltr'>probat.</span> 
     </span>
    </p>
   </div>
   <div class='ocr_carea' id='block_1_3' title="bbox 184 3006 1116 3280">
    <p class='ocr_par' dir='ltr' id='par_1_3' title="bbox 184 3006 1116 3280">
     <span class='ocr_line' id='line_1_28' title="bbox 262 3006 1116 3109; baseline -0.009 -17"><span class='ocrx_word' id='word_1_230' title='bbox 262 3006 330 3092; x_wconf 69' lang='lat'>15·</span> <span class='ocrx_word' id='word_1_231' title='bbox 379 3041 447 3096; x_wconf 78' lang='lat' dir='ltr'>Bor.</span> <span class='ocrx_word' id='word_1_232' title='bbox 464 3037 562 3093; x_wconf 84' lang='lat' dir='ltr'>Pleeet</span> <span class='ocrx_word' id='word_1_233' title='bbox 579 3036 654 3109; x_wconf 88' lang='lat' dir='ltr'>quod</span> <span class='ocrx_word' id='word_1_234' title='bbox 674 3034 751 3090; x_wconf 77' lang='lat' dir='ltr'>diois.</span> <span class='ocrx_word' id='word_1_235' title='bbox 778 3033 833 3090; x_wconf 83' lang='lat' dir='ltr'>Sed</span> <span class='ocrx_word' id='word_1_236' title='bbox 853 3039 934 3088; x_wconf 78' lang='lat' dir='ltr'>estet</span> <span class='ocrx_word' id='word_1_237' title='bbox 946 3031 1031 3098; x_wconf 81' lang='lat' dir='ltr'>aliud,</span> <span class='ocrx_word' id='word_1_238' title='bbox 1048 3031 1085 3086; x_wconf 78' lang='lat' dir='ltr'>ad</span> <span class='ocrx_word' id='word_1_239' title='bbox 1105 3028 1116 3078; x_wconf 88' lang='lat'>1</span> 
     </span>
     <span class='ocr_line' id='line_1_29' title="bbox 185 3116 1086 3198; baseline -0.013 -17"><span class='ocrx_word' id='word_1_240' title='bbox 185 3125 258 3198; x_wconf 84' lang='lat' dir='ltr'>quod</span> <span class='ocrx_word' id='word_1_241' title='bbox 275 3131 353 3180; x_wconf 80' lang='lat' dir='ltr'>tuum</span> <span class='ocrx_word' id='word_1_242' title='bbox 372 3123 577 3195; x_wconf 79' lang='lat' dir='ltr'>responsionem</span> <span class='ocrx_word' id='word_1_243' title='bbox 594 3122 713 3194; x_wconf 82' lang='lat' dir='ltr'>postulo.</span> <span class='ocrx_word' id='word_1_244' title='bbox 748 3123 821 3180; x_wconf 78' lang='lat' dir='ltr'>Nom</span> <span class='ocrx_word' id='word_1_245' title='bbox 838 3119 862 3174; x_wconf 83' lang='lat' dir='ltr'>ei</span> <span class='ocrx_word' id='word_1_246' title='bbox 882 3117 959 3174; x_wconf 82' lang='lat' dir='ltr'>Deus</span> <span class='ocrx_word' id='word_1_247' title='bbox 978 3117 1018 3170; x_wconf 78' lang='lat' dir='ltr'>ite</span> <span class='ocrx_word' id='word_1_248' title='bbox 1035 3116 1086 3170; x_wconf 80' lang='lat' dir='ltr'>sio-</span> 
     </span>
     <span class='ocr_line' id='line_1_30' title="bbox 184 3199 1086 3280; baseline -0.014 -12"><span class='ocrx_word' id='word_1_249' title='bbox 184 3217 219 3268; x_wconf 90' lang='lat' dir='ltr'>ut</span> <span class='ocrx_word' id='word_1_250' title='bbox 241 3209 354 3280; x_wconf 77' lang='lat' dir='ltr'>probae‚</span> <span class='ocrx_word' id='word_1_251' title='bbox 379 3227 463 3268; x_wconf 48' lang='lat' dir='ltr'>¹¹ouum</span> <span class='ocrx_word' id='word_1_252' title='bbox 492 3199 577 3264; x_wconf 80' lang='lat' dir='ltr'>debet</span> <span class='ocrx_word' id='word_1_253' title='bbox 598 3207 729 3264; x_wconf 85' lang='lat' dir='ltr'>honorem</span> <span class='ocrx_word' id='word_1_254' title='bbox 755 3221 876 3260; x_wconf 61' lang='lat' dir='ltr'>sumere:</span> <span class='ocrx_word' id='word_1_255' title='bbox 905 3219 956 3258; x_wconf 87' lang='lat' dir='ltr'>our</span> <span class='ocrx_word' id='word_1_256' title='bbox 979 3201 1025 3256; x_wconf 83' lang='lat' dir='ltr'>vei</span> <span class='ocrx_word' id='word_1_257' title='bbox 1049 3200 1086 3255; x_wconf 81' lang='lat' dir='ltr'>ed</span> 
     </span>
    </p>
   </div>
   <div class='ocr_carea' id='block_1_4' title="bbox 185 3285 1120 3464">
    <p class='ocr_par' dir='ltr' id='par_1_4' title="bbox 185 3285 1120 3464">
     <span class='ocr_line' id='line_1_31' title="bbox 185 3285 1086 3364; baseline -0.01 -13"><span class='ocrx_word' id='word_1_258' title='bbox 185 3295 325 3351; x_wconf 79' lang='lat' dir='ltr'>modinum</span> <span class='ocrx_word' id='word_1_259' title='bbox 340 3296 445 3364; x_wconf 83' lang='lat' dir='ltr'>petitur</span> <span class='ocrx_word' id='word_1_260' title='bbox 462 3294 541 3349; x_wconf 90' lang='lat' dir='ltr'>illum</span> <span class='ocrx_word' id='word_1_261' title='bbox 557 3292 674 3348; x_wconf 80' lang='lat' dir='ltr'>violari?</span> <span class='ocrx_word' id='word_1_262' title='bbox 703 3291 784 3356; x_wconf 84' lang='lat' dir='ltr'>Quod</span> <span class='ocrx_word' id='word_1_263' title='bbox 803 3289 876 3344; x_wconf 81' lang='lat' dir='ltr'>enim</span> <span class='ocrx_word' id='word_1_264' title='bbox 893 3285 1086 3358; x_wconf 74' lang='lat' dir='ltr'>aliquomodo</span> 
     </span>
     <span class='ocr_line' id='line_1_32' title="bbox 185 3369 1120 3464; baseline -0.014 -26"><span class='ocrx_word' id='word_1_265' title='bbox 185 3379 376 3449; x_wconf 60' lang='lat' dir='ltr'>laedisinitun</span> <span class='ocrx_word' id='word_1_266' title='bbox 387 3396 444 3434; x_wconf 92' lang='lat' dir='ltr'>non</span> <span class='ocrx_word' id='word_1_267' title='bbox 451 3379 559 3450; x_wconf 79' lang='lat' dir='ltr'>integre</span> <span class='ocrx_word' id='word_1_268' title='bbox 567 3395 619 3434; x_wconf 84' lang='lat' dir='ltr'>neo</span> <span class='ocrx_word' id='word_1_269' title='bbox 627 3377 750 3449; x_wconf 82' lang='lat' dir='ltr'>perfeeto</span> <span class='ocrx_word' id='word_1_270' title='bbox 760 3374 922 3464; x_wconf 72' lang='lat' dir='ltr'>custoditur.</span> <span class='ocrx_word' id='word_1_271' title='bbox 947 3372 1016 3426; x_wconf 78' lang='lat' dir='ltr'>Ano.</span> <span class='ocrx_word' id='word_1_272' title='bbox 1031 3369 1086 3426; x_wconf 91' lang='lat' dir='ltr'>Dei</span> <span class='ocrx_word' id='word_1_273' title='bbox 1104 3374 1120 3425; x_wconf 72' lang='lat' dir='ltr'>i</span> 
     </span>
    </p>
   </div>
   <div class='ocr_carea' id='block_1_5' title="bbox 0 0 1347 3816">
    <p class='ocr_par' dir='ltr' id='par_1_5' title="bbox 0 0 1347 3816">
     <span class='ocr_line' id='line_1_33' title="bbox 0 0 1347 3816; baseline 0 0"><span class='ocrx_word' id='word_1_274' title='bbox 0 0 1347 3816; x_wconf 95' lang='lat' dir='ltr'> </span> 
     </span>
    </p>
   </div>
  </div>
 </body>
</html>
