<?xml version="1.0" encoding="UTF-8"?>
<!DOCTYPE html PUBLIC "-//W3C//DTD XHTML 1.0 Transitional//EN"
    "http://www.w3.org/TR/xhtml1/DTD/xhtml1-transitional.dtd">
<html xmlns="http://www.w3.org/1999/xhtml" xml:lang="en" lang="en">
 <head>
  <title>
</title>
<meta http-equiv="Content-Type" content="text/html;charset=utf-8" />
  <meta name='ocr-system' content='tesseract 3.04.00' />
  <meta name='ocr-capabilities' content='ocr_page ocr_carea ocr_par ocr_line ocrx_word'/>
</head>
<body>
  <div class='ocr_page' id='page_1' title='image "./sanselmicantuar02laemgoog_0089.png"; bbox 0 0 2640 3816; ppageno 0'>
   <div class='ocr_carea' id='block_1_1' title="bbox 245 285 973 356">
    <p class='ocr_par' dir='ltr' id='par_1_1' title="bbox 245 285 973 356">
     <span class='ocr_line' id='line_1_1' title="bbox 245 285 973 356; baseline 0 -12"><span class='ocrx_word' id='word_1_1' title='bbox 245 285 289 356; x_wconf 70' lang='lat'><strong>64</strong></span> <span class='ocrx_word' id='word_1_2' title='bbox 428 287 456 344; x_wconf 86' lang='lat' dir='ltr'><strong>S.</strong></span> <span class='ocrx_word' id='word_1_3' title='bbox 467 287 647 346; x_wconf 70' lang='lat' dir='ltr'><strong>susem</strong></span> <span class='ocrx_word' id='word_1_4' title='bbox 662 285 973 346; x_wconf 67' lang='lat' dir='ltr'><strong>summme</strong></span> 
     </span>
    </p>
   </div>
   <div class='ocr_carea' id='block_1_2' title="bbox 132 457 1157 2758">
    <p class='ocr_par' dir='ltr' id='par_1_2' title="bbox 195 457 1157 788">
     <span class='ocr_line' id='line_1_2' title="bbox 195 457 1156 529; baseline -0.004 -12"><span class='ocrx_word' id='word_1_5' title='bbox 195 466 227 518; x_wconf 78' lang='lat'><strong>17</strong></span> <span class='ocrx_word' id='word_1_6' title='bbox 245 457 295 514; x_wconf 79' lang='lat' dir='ltr'><strong>ubi</strong></span> <span class='ocrx_word' id='word_1_7' title='bbox 321 473 374 515; x_wconf 85' lang='lat' dir='ltr'><strong>nec</strong></span> <span class='ocrx_word' id='word_1_8' title='bbox 401 458 509 514; x_wconf 81' lang='lat' dir='ltr'><strong>coactio</strong></span> <span class='ocrx_word' id='word_1_9' title='bbox 535 457 597 514; x_wconf 75' lang='lat' dir='ltr'><strong>ulla</strong></span> <span class='ocrx_word' id='word_1_10' title='bbox 622 463 665 514; x_wconf 83' lang='lat' dir='ltr'><strong>eat</strong></span> <span class='ocrx_word' id='word_1_11' title='bbox 690 461 742 515; x_wconf 85' lang='lat' dir='ltr'><strong>nc&#39;c</strong></span> <span class='ocrx_word' id='word_1_12' title='bbox 769 457 926 528; x_wconf 76' lang='lat' dir='ltr'><strong>probibitia</strong></span> <span class='ocrx_word' id='word_1_13' title='bbox 966 457 1156 529; x_wconf 72' lang='lat' dir='ltr'><strong>‘Qimpnptee</strong></span> 
     </span>
     <span class='ocr_line' id='line_1_3' title="bbox 244 542 1155 622; baseline -0.002 -21"><span class='ocrx_word' id='word_1_14' title='bbox 244 545 377 616; x_wconf 85' lang='lat' dir='ltr'><strong>quoniam</strong></span> <span class='ocrx_word' id='word_1_15' title='bbox 393 545 471 601; x_wconf 84' lang='lat' dir='ltr'><strong>Deus</strong></span> <span class='ocrx_word' id='word_1_16' title='bbox 488 544 611 622; x_wconf 68' lang='lat' dir='ltr'><strong>perfecte</strong></span> <span class='ocrx_word' id='word_1_17' title='bbox 631 542 717 599; x_wconf 83' lang='lat' dir='ltr'><strong>babet</strong></span> <span class='ocrx_word' id='word_1_18' title='bbox 733 561 751 598; x_wconf 89' lang='lat' dir='ltr'><strong>a</strong></span> <span class='ocrx_word' id='word_1_19' title='bbox 763 561 799 600; x_wconf 73' lang='lat' dir='ltr'><strong>‚ae</strong></span> <span class='ocrx_word' id='word_1_20' title='bbox 820 543 958 616; x_wconf 87' lang='lat' dir='ltr'><strong>quidquid</strong></span> <span class='ocrx_word' id='word_1_21' title='bbox 976 542 1079 613; x_wconf 77' lang='lat' dir='ltr'><strong>habet,</strong></span> <span class='ocrx_word' id='word_1_22' title='bbox 1100 544 1155 600; x_wconf 78' lang='lat' dir='ltr'><strong>iile</strong></span> 
     </span>
     <span class='ocr_line' id='line_1_4' title="bbox 244 629 1153 702; baseline -0.002 -14"><span class='ocrx_word' id='word_1_23' title='bbox 244 631 365 688; x_wconf 72' lang='lat' dir='ltr'><strong>maxime</strong></span> <span class='ocrx_word' id='word_1_24' title='bbox 387 630 545 686; x_wconf 78' lang='lat' dir='ltr'><strong>laudandus</strong></span> <span class='ocrx_word' id='word_1_25' title='bbox 565 636 609 685; x_wconf 81' lang='lat' dir='ltr'><strong>est</strong></span> <span class='ocrx_word' id='word_1_26' title='bbox 632 629 783 699; x_wconf 81' lang='lat' dir='ltr'><strong>debonis,</strong></span> <span class='ocrx_word' id='word_1_27' title='bbox 807 647 879 702; x_wconf 86' lang='lat' dir='ltr'><strong>quae</strong></span> <span class='ocrx_word' id='word_1_28' title='bbox 903 629 990 686; x_wconf 83' lang='lat' dir='ltr'><strong>habet</strong></span> <span class='ocrx_word' id='word_1_29' title='bbox 1013 633 1043 685; x_wconf 90' lang='lat' dir='ltr'><strong>et</strong></span> <span class='ocrx_word' id='word_1_30' title='bbox 1059 635 1153 686; x_wconf 74' lang='lat' dir='ltr'><strong>suns</strong></span> 
     </span>
     <span class='ocr_line' id='line_1_5' title="bbox 244 715 1157 788; baseline -0.001 -16"><span class='ocrx_word' id='word_1_31' title='bbox 244 735 301 772; x_wconf 86' lang='lat' dir='ltr'><strong>non</strong></span> <span class='ocrx_word' id='word_1_32' title='bbox 322 717 381 772; x_wconf 81' lang='lat' dir='ltr'><strong>ulle</strong></span> <span class='ocrx_word' id='word_1_33' title='bbox 405 718 586 785; x_wconf 73' lang='lat' dir='ltr'><strong>necessitate,</strong></span> <span class='ocrx_word' id='word_1_34' title='bbox 613 717 677 786; x_wconf 85' lang='lat' dir='ltr'><strong>sed,</strong></span> <span class='ocrx_word' id='word_1_35' title='bbox 703 715 779 772; x_wconf 82' lang='lat' dir='ltr'><strong>sicut</strong></span> <span class='ocrx_word' id='word_1_36' title='bbox 800 717 920 787; x_wconf 81' lang='lat' dir='ltr'><strong>supra¹)·</strong></span> <span class='ocrx_word' id='word_1_37' title='bbox 938 716 1012 786; x_wconf 84' lang='lat' dir='ltr'><strong>dixi,</strong></span> <span class='ocrx_word' id='word_1_38' title='bbox 1038 717 1157 788; x_wconf 78' lang='lat' dir='ltr'><strong>proprie:</strong></span> 
     </span>
    </p>

    <p class='ocr_par' dir='ltr' id='par_1_3' title="bbox 195 800 1152 1043">
     <span class='ocr_line' id='line_1_6' title="bbox 195 800 1151 873; baseline 0.003 -19"><span class='ocrx_word' id='word_1_39' title='bbox 195 801 227 854; x_wconf 76' lang='grc'><strong>18</strong></span> <span class='ocrx_word' id='word_1_40' title='bbox 245 809 273 859; x_wconf 83' lang='lat' dir='ltr'><strong>et</strong></span> <span class='ocrx_word' id='word_1_41' title='bbox 288 809 403 858; x_wconf 84' lang='lat' dir='ltr'><strong>aeterna</strong></span> <span class='ocrx_word' id='word_1_42' title='bbox 426 801 662 858; x_wconf 51' lang='lat' dir='ltr'><strong>iuuuutebilitate.¹</strong></span> <span class='ocrx_word' id='word_1_43' title='bbox 692 800 740 858; x_wconf 87' lang='lat' dir='ltr'><strong>Sic</strong></span> <span class='ocrx_word' id='word_1_44' title='bbox 759 817 829 873; x_wconf 74' lang='lat' dir='ltr'><strong>crgo</strong></span> <span class='ocrx_word' id='word_1_45' title='bbox 846 801 929 858; x_wconf 84' lang='lat' dir='ltr'><strong>hemo</strong></span> <span class='ocrx_word' id='word_1_46' title='bbox 945 802 992 858; x_wconf 87' lang='lat' dir='ltr'><strong>ilie</strong></span> <span class='ocrx_word' id='word_1_47' title='bbox 1010 803 1059 873; x_wconf 88' lang='lat' dir='ltr'><strong>qui</strong></span> <span class='ocrx_word' id='word_1_48' title='bbox 1076 802 1151 858; x_wconf 86' lang='lat' dir='ltr'><strong>idem</strong></span> 
     </span>
     <span class='ocr_line' id='line_1_7' title="bbox 243 887 1152 960; baseline -0.002 -15"><span class='ocrx_word' id='word_1_49' title='bbox 243 889 304 960; x_wconf 77' lang='lat' dir='ltr'><strong>ipss</strong></span> <span class='ocrx_word' id='word_1_50' title='bbox 320 889 398 944; x_wconf 81' lang='lat' dir='ltr'><strong>Deus</strong></span> <span class='ocrx_word' id='word_1_51' title='bbox 415 887 480 957; x_wconf 80' lang='lat' dir='ltr'><strong>erit,</strong></span> <span class='ocrx_word' id='word_1_52' title='bbox 506 887 636 959; x_wconf 87' lang='lat' dir='ltr'><strong>quoniam</strong></span> <span class='ocrx_word' id='word_1_53' title='bbox 657 904 737 945; x_wconf 79' lang='lat' dir='ltr'><strong>omne</strong></span> <span class='ocrx_word' id='word_1_54' title='bbox 765 888 869 944; x_wconf 83' lang='lat' dir='ltr'><strong>bonum</strong></span> <span class='ocrx_word' id='word_1_55' title='bbox 893 887 968 959; x_wconf 80' lang='lat' dir='ltr'><strong>qued</strong></span> <span class='ocrx_word' id='word_1_56' title='bbox 989 888 1049 958; x_wconf 81' lang='lat' dir='ltr'><strong>ipsc</strong></span> <span class='ocrx_word' id='word_1_57' title='bbox 1066 887 1152 943; x_wconf 77' lang='lat' dir='ltr'><strong>hebe-</strong></span> 
     </span>
     <span class='ocr_line' id='line_1_8' title="bbox 244 971 1152 1043; baseline 0 -14"><span class='ocrx_word' id='word_1_58' title='bbox 244 974 288 1029; x_wconf 87' lang='lat' dir='ltr'><strong>bit</strong></span> <span class='ocrx_word' id='word_1_59' title='bbox 302 991 322 1030; x_wconf 83' lang='lat' dir='ltr'><strong>e</strong></span> <span class='ocrx_word' id='word_1_60' title='bbox 339 990 370 1028; x_wconf 85' lang='lat' dir='ltr'><strong>se</strong></span> <span class='ocrx_word' id='word_1_61' title='bbox 385 973 526 1043; x_wconf 79' lang='lat' dir='ltr'><strong>babebit,</strong></span> <span class='ocrx_word' id='word_1_62' title='bbox 551 988 607 1030; x_wconf 82' lang='lat' dir='ltr'><strong>uon</strong></span> <span class='ocrx_word' id='word_1_63' title='bbox 631 974 797 1030; x_wconf 84' lang='lat' dir='ltr'><strong>necessitate</strong></span> <span class='ocrx_word' id='word_1_64' title='bbox 820 973 871 1031; x_wconf 86' lang='lat' dir='ltr'><strong>sed</strong></span> <span class='ocrx_word' id='word_1_65' title='bbox 892 971 1023 1029; x_wconf 79' lang='lat' dir='ltr'><strong>libertate</strong></span> <span class='ocrx_word' id='word_1_66' title='bbox 1039 980 1068 1028; x_wconf 84' lang='lat' dir='ltr'><strong>et</strong></span> <span class='ocrx_word' id='word_1_67' title='bbox 1083 991 1102 1029; x_wconf 80' lang='lat' dir='ltr'><strong>a</strong></span> <span class='ocrx_word' id='word_1_68' title='bbox 1117 990 1152 1029; x_wconf 86' lang='lat' dir='ltr'><strong>ee</strong></span> 
     </span>
    </p>

    <p class='ocr_par' dir='ltr' id='par_1_4' title="bbox 194 1058 1156 1304">
     <span class='ocr_line' id='line_1_9' title="bbox 194 1058 1152 1130; baseline 0.004 -18"><span class='ocrx_word' id='word_1_69' title='bbox 194 1061 226 1112; x_wconf 82' lang='lat'><strong>19</strong></span> <span class='ocrx_word' id='word_1_70' title='bbox 243 1060 305 1130; x_wconf 77' lang='lat' dir='ltr'><strong>ipsc</strong></span> <span class='ocrx_word' id='word_1_71' title='bbox 334 1060 424 1115; x_wconf 87' lang='lat' dir='ltr'><strong>iustus</strong></span> <span class='ocrx_word' id='word_1_72' title='bbox 451 1067 480 1116; x_wconf 84' lang='lat' dir='ltr'><strong>et</strong></span> <span class='ocrx_word' id='word_1_73' title='bbox 501 1061 605 1116; x_wconf 83' lang='lat' dir='ltr'><strong>idcirco</strong></span> <span class='ocrx_word' id='word_1_74' title='bbox 628 1061 784 1116; x_wconf 81' lang='lat' dir='ltr'><strong>laudandus</strong></span> <span class='ocrx_word' id='word_1_75' title='bbox 814 1059 874 1116; x_wconf 76' lang='lat' dir='ltr'><strong>eris</strong></span> <span class='ocrx_word' id='word_1_76' title='bbox 918 1058 1052 1124; x_wconf 77' lang='lat' dir='ltr'><strong>Quamvis</strong></span> <span class='ocrx_word' id='word_1_77' title='bbox 1077 1059 1152 1116; x_wconf 70' lang='lat' dir='ltr'><strong>eadm</strong></span> 
     </span>
     <span class='ocr_line' id='line_1_10' title="bbox 243 1144 1156 1216; baseline 0 -16"><span class='ocrx_word' id='word_1_78' title='bbox 243 1145 365 1202; x_wconf 78' lang='lat' dir='ltr'><strong>humana</strong></span> <span class='ocrx_word' id='word_1_79' title='bbox 383 1151 483 1202; x_wconf 72' lang='lat' dir='ltr'><strong>natum</strong></span> <span class='ocrx_word' id='word_1_80' title='bbox 498 1163 517 1200; x_wconf 85' lang='lat' dir='ltr'><strong>a</strong></span> <span class='ocrx_word' id='word_1_81' title='bbox 534 1147 630 1202; x_wconf 80' lang='lat' dir='ltr'><strong>divine</strong></span> <span class='ocrx_word' id='word_1_82' title='bbox 648 1146 752 1204; x_wconf 76' lang='lat' dir='ltr'><strong>babeat</strong></span> <span class='ocrx_word' id='word_1_83' title='bbox 765 1145 842 1216; x_wconf 84' lang='lat' dir='ltr'><strong>quod</strong></span> <span class='ocrx_word' id='word_1_84' title='bbox 863 1144 994 1216; x_wconf 82' lang='lat' dir='ltr'><strong>habebit,</strong></span> <span class='ocrx_word' id='word_1_85' title='bbox 1013 1145 1091 1202; x_wconf 74' lang='lat' dir='ltr'><strong>»idam</strong></span> <span class='ocrx_word' id='word_1_86' title='bbox 1107 1151 1156 1214; x_wconf 46' lang='lat' dir='ltr'><strong>tae¹</strong></span> 
     </span>
     <span class='ocr_line' id='line_1_11' title="bbox 243 1231 1152 1304; baseline -0.001 -16"><span class='ocrx_word' id='word_1_87' title='bbox 243 1248 307 1288; x_wconf 83' lang='lat' dir='ltr'><strong>men</strong></span> <span class='ocrx_word' id='word_1_88' title='bbox 330 1231 390 1303; x_wconf 82' lang='lat' dir='ltr'><strong>ipse</strong></span> <span class='ocrx_word' id='word_1_89' title='bbox 412 1249 430 1286; x_wconf 81' lang='lat' dir='ltr'><strong>s</strong></span> <span class='ocrx_word' id='word_1_90' title='bbox 454 1232 546 1303; x_wconf 82' lang='lat' dir='ltr'><strong>seipso</strong></span> <span class='ocrx_word' id='word_1_91' title='bbox 571 1234 712 1304; x_wconf 83' lang='lat' dir='ltr'><strong>(quoniam</strong></span> <span class='ocrx_word' id='word_1_92' title='bbox 730 1234 805 1288; x_wconf 85' lang='lat' dir='ltr'><strong>duae</strong></span> <span class='ocrx_word' id='word_1_93' title='bbox 820 1239 939 1288; x_wconf 71' lang='lat' dir='ltr'><strong>natiuae</strong></span> <span class='ocrx_word' id='word_1_94' title='bbox 957 1248 1014 1286; x_wconf 79' lang='lat' dir='ltr'><strong>uus</strong></span> <span class='ocrx_word' id='word_1_95' title='bbox 1030 1247 1152 1303; x_wconf 71' lang='lat' dir='ltr'><strong>percum</strong></span> 
     </span>
    </p>

    <p class='ocr_par' dir='ltr' id='par_1_5' title="bbox 192 1318 1156 1475">
     <span class='ocr_line' id='line_1_12' title="bbox 192 1318 1152 1389; baseline 0.006 -21"><span class='ocrx_word' id='word_1_96' title='bbox 192 1318 225 1368; x_wconf 89' lang='grc'><strong>20</strong></span> <span class='ocrx_word' id='word_1_97' title='bbox 244 1320 333 1386; x_wconf 82' lang='lat' dir='ltr'><strong>eruut)</strong></span> <span class='ocrx_word' id='word_1_98' title='bbox 352 1318 476 1374; x_wconf 80' lang='lat' dir='ltr'><strong>habebit</strong></span> <span class='ocrx_word' id='word_1_99' title='bbox 511 1320 579 1372; x_wconf 81' lang='lat' dir='ltr'><strong>Boe.</strong></span> <span class='ocrx_word' id='word_1_100' title='bbox 600 1319 766 1374; x_wconf 68' lang='lat' dir='ltr'><strong>satisfecisti</strong></span> <span class='ocrx_word' id='word_1_101' title='bbox 783 1318 850 1372; x_wconf 88' lang='lat' dir='ltr'><strong>mibi</strong></span> <span class='ocrx_word' id='word_1_102' title='bbox 866 1336 900 1374; x_wconf 88' lang='lat' dir='ltr'><strong>ex</strong></span> <span class='ocrx_word' id='word_1_103' title='bbox 915 1318 984 1387; x_wconf 76' lang='lat' dir='ltr'><strong>hoc3</strong></span> <span class='ocrx_word' id='word_1_104' title='bbox 1004 1325 1033 1372; x_wconf 87' lang='lat' dir='ltr'><strong>et</strong></span> <span class='ocrx_word' id='word_1_105' title='bbox 1052 1323 1152 1389; x_wconf 68' lang='lat' dir='ltr'><strong>aperte</strong></span> 
     </span>
     <span class='ocr_line' id='line_1_13' title="bbox 242 1404 1156 1475; baseline 0 -18"><span class='ocrx_word' id='word_1_106' title='bbox 242 1404 340 1472; x_wconf 80' lang='lat' dir='ltr'><strong>video,</strong></span> <span class='ocrx_word' id='word_1_107' title='bbox 366 1404 432 1474; x_wconf 80' lang='lat' dir='ltr'><strong>quia</strong></span> <span class='ocrx_word' id='word_1_108' title='bbox 455 1409 484 1458; x_wconf 87' lang='lat' dir='ltr'><strong>et</strong></span> <span class='ocrx_word' id='word_1_109' title='bbox 506 1419 622 1474; x_wconf 78' lang='lat' dir='ltr'><strong>pectere</strong></span> <span class='ocrx_word' id='word_1_110' title='bbox 640 1421 697 1458; x_wconf 83' lang='lat' dir='ltr'><strong>nen</strong></span> <span class='ocrx_word' id='word_1_111' title='bbox 712 1404 816 1475; x_wconf 80' lang='lat' dir='ltr'><strong>poterit</strong></span> <span class='ocrx_word' id='word_1_112' title='bbox 834 1410 974 1460; x_wconf 80' lang='lat' dir='ltr'><strong>ettamen</strong></span> <span class='ocrx_word' id='word_1_113' title='bbox 991 1405 1156 1460; x_wconf 70' lang='lat' dir='ltr'><strong>laudandum</strong></span> 
     </span>
    </p>

    <p class='ocr_par' dir='ltr' id='par_1_6' title="bbox 192 1488 1157 1731">
     <span class='ocr_line' id='line_1_14' title="bbox 192 1488 1154 1562; baseline 0.002 -22"><span class='ocrx_word' id='word_1_114' title='bbox 192 1489 223 1541; x_wconf 80' lang='lat'><strong>21</strong></span> <span class='ocrx_word' id='word_1_115' title='bbox 244 1490 296 1545; x_wconf 85' lang='lat' dir='ltr'><strong>en&#39;t</strong></span> <span class='ocrx_word' id='word_1_116' title='bbox 324 1489 359 1545; x_wconf 89' lang='lat' dir='ltr'><strong>de</strong></span> <span class='ocrx_word' id='word_1_117' title='bbox 386 1489 492 1544; x_wconf 83' lang='lat' dir='ltr'><strong>iustitia</strong></span> <span class='ocrx_word' id='word_1_118' title='bbox 520 1506 578 1544; x_wconf 82' lang='lat' dir='ltr'><strong>sue.</strong></span> <span class='ocrx_word' id='word_1_119' title='bbox 625 1489 683 1546; x_wconf 81' lang='lat' dir='ltr'><strong>Sed</strong></span> <span class='ocrx_word' id='word_1_120' title='bbox 708 1507 783 1546; x_wconf 88' lang='lat' dir='ltr'><strong>nunc</strong></span> <span class='ocrx_word' id='word_1_121' title='bbox 808 1491 997 1562; x_wconf 81' lang='lat' dir='ltr'><strong>quaerendum</strong></span> <span class='ocrx_word' id='word_1_122' title='bbox 1024 1488 1154 1558; x_wconf 78' lang='lat' dir='ltr'><strong>aestimo,</strong></span> 
     </span>
     <span class='ocr_line' id='line_1_15' title="bbox 243 1574 1157 1645; baseline -0.001 -15"><span class='ocrx_word' id='word_1_123' title='bbox 243 1590 307 1630; x_wconf 80' lang='lat' dir='ltr'><strong>cum</strong></span> <span class='ocrx_word' id='word_1_124' title='bbox 322 1574 402 1630; x_wconf 82' lang='lat' dir='ltr'><strong>Deus</strong></span> <span class='ocrx_word' id='word_1_125' title='bbox 425 1574 509 1629; x_wconf 82' lang='lat' dir='ltr'><strong>talem</strong></span> <span class='ocrx_word' id='word_1_126' title='bbox 532 1582 627 1645; x_wconf 85' lang='lat' dir='ltr'><strong>posset</strong></span> <span class='ocrx_word' id='word_1_127' title='bbox 648 1576 742 1632; x_wconf 76' lang='lat' dir='ltr'><strong>facete</strong></span> <span class='ocrx_word' id='word_1_128' title='bbox 761 1575 914 1644; x_wconf 87' lang='lat' dir='ltr'><strong>hominem,</strong></span> <span class='ocrx_word' id='word_1_129' title='bbox 938 1593 989 1632; x_wconf 84' lang='lat' dir='ltr'><strong>cur</strong></span> <span class='ocrx_word' id='word_1_130' title='bbox 1005 1592 1062 1630; x_wconf 79' lang='lat' dir='ltr'><strong>non</strong></span> <span class='ocrx_word' id='word_1_131' title='bbox 1078 1575 1157 1630; x_wconf 74' lang='lat' dir='ltr'><strong>tales</strong></span> 
     </span>
     <span class='ocr_line' id='line_1_16' title="bbox 242 1657 1157 1731; baseline 0.002 -17"><span class='ocrx_word' id='word_1_132' title='bbox 242 1657 309 1714; x_wconf 84' lang='lat' dir='ltr'><strong>fecit</strong></span> <span class='ocrx_word' id='word_1_133' title='bbox 333 1659 449 1730; x_wconf 75' lang='lat' dir='ltr'><strong>augelus</strong></span> <span class='ocrx_word' id='word_1_134' title='bbox 474 1665 504 1714; x_wconf 89' lang='lat' dir='ltr'><strong>et</strong></span> <span class='ocrx_word' id='word_1_135' title='bbox 525 1660 595 1715; x_wconf 82' lang='lat' dir='ltr'><strong>duca</strong></span> <span class='ocrx_word' id='word_1_136' title='bbox 619 1661 725 1731; x_wconf 83' lang='lat' dir='ltr'><strong>primos</strong></span> <span class='ocrx_word' id='word_1_137' title='bbox 747 1661 887 1726; x_wconf 77' lang='lat' dir='ltr'><strong>hemines,</strong></span> <span class='ocrx_word' id='word_1_138' title='bbox 915 1665 951 1715; x_wconf 84' lang='lat' dir='ltr'><strong>ut</strong></span> <span class='ocrx_word' id='word_1_139' title='bbox 968 1661 1096 1720; x_wconf 77' lang='lat' dir='ltr'><strong>similiter</strong></span> <span class='ocrx_word' id='word_1_140' title='bbox 1117 1667 1157 1716; x_wconf 85' lang='lat' dir='ltr'><strong>et·</strong></span> 
     </span>
    </p>

    <p class='ocr_par' dir='ltr' id='par_1_7' title="bbox 195 1747 1156 1819">
     <span class='ocr_line' id='line_1_17' title="bbox 195 1747 1156 1819; baseline 0.002 -19"><span class='ocrx_word' id='word_1_141' title='bbox 195 1781 199 1791; x_wconf 87' lang='lat'><strong>·</strong></span> <span class='ocrx_word' id='word_1_142' title='bbox 242 1760 359 1814; x_wconf 72' lang='lat' dir='ltr'><strong>peccare</strong></span> <span class='ocrx_word' id='word_1_143' title='bbox 382 1763 440 1801; x_wconf 83' lang='lat' dir='ltr'><strong>nou</strong></span> <span class='ocrx_word' id='word_1_144' title='bbox 461 1753 574 1819; x_wconf 81' lang='lat' dir='ltr'><strong>possent</strong></span> <span class='ocrx_word' id='word_1_145' title='bbox 595 1751 625 1802; x_wconf 87' lang='lat' dir='ltr'><strong>et</strong></span> <span class='ocrx_word' id='word_1_146' title='bbox 646 1749 683 1804; x_wconf 87' lang='lat' dir='ltr'><strong>de</strong></span> <span class='ocrx_word' id='word_1_147' title='bbox 696 1747 811 1804; x_wconf 82' lang='lat' dir='ltr'><strong>iustitia</strong></span> <span class='ocrx_word' id='word_1_148' title='bbox 828 1765 879 1802; x_wconf 84' lang='lat' dir='ltr'><strong>sua</strong></span> <span class='ocrx_word' id='word_1_149' title='bbox 895 1747 1031 1803; x_wconf 80' lang='lat' dir='ltr'><strong>laudandi</strong></span> <span class='ocrx_word' id='word_1_150' title='bbox 1047 1753 1156 1803; x_wconf 67' lang='lat' dir='ltr'><strong>essenti</strong></span> 
     </span>
    </p>

    <p class='ocr_par' dir='ltr' id='par_1_8' title="bbox 190 1830 1155 1905">
     <span class='ocr_line' id='line_1_18' title="bbox 190 1830 1155 1905; baseline -0.002 -19"><span class='ocrx_word' id='word_1_151' title='bbox 190 1835 224 1888; x_wconf 83' lang='lat'><strong>22</strong></span> <span class='ocrx_word' id='word_1_152' title='bbox 241 1830 312 1886; x_wconf 76' lang='lat' dir='ltr'><strong>Aac.</strong></span> <span class='ocrx_word' id='word_1_153' title='bbox 341 1830 494 1904; x_wconf 78' lang='lat' dir='ltr'><strong>Intelligis,</strong></span> <span class='ocrx_word' id='word_1_154' title='bbox 520 1849 591 1905; x_wconf 80' lang='lat' dir='ltr'><strong>quac</strong></span> <span class='ocrx_word' id='word_1_155' title='bbox 617 1833 706 1888; x_wconf 72' lang='lat' dir='ltr'><strong>dicis?</strong></span> <span class='ocrx_word' id='word_1_156' title='bbox 741 1837 810 1889; x_wconf 81' lang='lat' dir='ltr'><strong>Bca.</strong></span> <span class='ocrx_word' id='word_1_157' title='bbox 839 1833 945 1890; x_wconf 78' lang='lat' dir='ltr'><strong>Videor</strong></span> <span class='ocrx_word' id='word_1_158' title='bbox 962 1831 1030 1888; x_wconf 88' lang='lat' dir='ltr'><strong>mihi</strong></span> <span class='ocrx_word' id='word_1_159' title='bbox 1047 1832 1155 1901; x_wconf 79' lang='lat' dir='ltr'><strong>intelli-1</strong></span> 
     </span>
    </p>

    <p class='ocr_par' dir='ltr' id='par_1_9' title="bbox 191 1917 1155 2330">
     <span class='ocr_line' id='line_1_19' title="bbox 191 1917 1153 1988; baseline -0.001 -17"><span class='ocrx_word' id='word_1_160' title='bbox 191 1921 224 1974; x_wconf 87' lang='grc'><strong>23</strong></span> <span class='ocrx_word' id='word_1_161' title='bbox 241 1932 308 1988; x_wconf 85' lang='lat' dir='ltr'><strong>gere</strong></span> <span class='ocrx_word' id='word_1_162' title='bbox 327 1917 475 1973; x_wconf 81' lang='lat' dir='ltr'><strong>etidcirco</strong></span> <span class='ocrx_word' id='word_1_163' title='bbox 493 1933 610 1988; x_wconf 79' lang='lat' dir='ltr'><strong>quaero,</strong></span> <span class='ocrx_word' id='word_1_164' title='bbox 637 1935 687 1974; x_wconf 85' lang='lat' dir='ltr'><strong>cur</strong></span> <span class='ocrx_word' id='word_1_165' title='bbox 712 1935 759 1973; x_wconf 81' lang='lat' dir='ltr'><strong>ecs</strong></span> <span class='ocrx_word' id='word_1_166' title='bbox 781 1917 852 1974; x_wconf 83' lang='lat' dir='ltr'><strong>tales</strong></span> <span class='ocrx_word' id='word_1_167' title='bbox 874 1933 931 1974; x_wconf 85' lang='lat' dir='ltr'><strong>non</strong></span> <span class='ocrx_word' id='word_1_168' title='bbox 954 1917 1042 1972; x_wconf 74' lang='lat' dir='ltr'><strong>fecit?</strong></span> <span class='ocrx_word' id='word_1_169' title='bbox 1078 1918 1153 1972; x_wconf 64' lang='lat' dir='ltr'><strong>Aac</strong></span> 
     </span>
     <span class='ocr_line' id='line_1_20' title="bbox 241 2001 1155 2074; baseline 0.003 -17"><span class='ocrx_word' id='word_1_170' title='bbox 241 2002 378 2066; x_wconf 80' lang='lat' dir='ltr'><strong>Quoniam</strong></span> <span class='ocrx_word' id='word_1_171' title='bbox 403 2021 454 2058; x_wconf 86' lang='lat' dir='ltr'><strong>nec</strong></span> <span class='ocrx_word' id='word_1_172' title='bbox 479 2003 571 2074; x_wconf 79' lang='lat' dir='ltr'><strong>patuit</strong></span> <span class='ocrx_word' id='word_1_173' title='bbox 597 2019 648 2058; x_wconf 84' lang='lat' dir='ltr'><strong>nec</strong></span> <span class='ocrx_word' id='word_1_174' title='bbox 675 2003 776 2058; x_wconf 88' lang='lat' dir='ltr'><strong>debuit</strong></span> <span class='ocrx_word' id='word_1_175' title='bbox 797 2001 871 2073; x_wconf 83' lang='lat' dir='ltr'><strong>fieri,</strong></span> <span class='ocrx_word' id='word_1_176' title='bbox 896 2009 928 2058; x_wconf 84' lang='lat' dir='ltr'><strong>ut</strong></span> <span class='ocrx_word' id='word_1_177' title='bbox 957 2003 1155 2074; x_wconf 62' lang='lat' dir='ltr'><strong>uuusquisque*</strong></span> 
     </span>
     <span class='ocr_line' id='line_1_21' title="bbox 240 2086 1154 2159; baseline 0.002 -20"><span class='ocrx_word' id='word_1_178' title='bbox 240 2101 336 2140; x_wconf 86' lang='lat' dir='ltr'><strong>eorum</strong></span> <span class='ocrx_word' id='word_1_179' title='bbox 358 2093 432 2141; x_wconf 83' lang='lat' dir='ltr'><strong>esset</strong></span> <span class='ocrx_word' id='word_1_180' title='bbox 454 2086 528 2142; x_wconf 90' lang='lat' dir='ltr'><strong>idem</strong></span> <span class='ocrx_word' id='word_1_181' title='bbox 554 2089 615 2159; x_wconf 80' lang='lat' dir='ltr'><strong>ipsc</strong></span> <span class='ocrx_word' id='word_1_182' title='bbox 639 2089 689 2159; x_wconf 85' lang='lat' dir='ltr'><strong>qui</strong></span> <span class='ocrx_word' id='word_1_183' title='bbox 704 2087 796 2156; x_wconf 75' lang='lat' dir='ltr'><strong>Deus,</strong></span> <span class='ocrx_word' id='word_1_184' title='bbox 819 2086 892 2142; x_wconf 81' lang='lat' dir='ltr'><strong>sicut</strong></span> <span class='ocrx_word' id='word_1_185' title='bbox 910 2088 946 2144; x_wconf 86' lang='lat' dir='ltr'><strong>de</strong></span> <span class='ocrx_word' id='word_1_186' title='bbox 963 2088 1075 2143; x_wconf 81' lang='lat' dir='ltr'><strong>homino</strong></span> <span class='ocrx_word' id='word_1_187' title='bbox 1090 2089 1154 2144; x_wconf 71' lang='lat' dir='ltr'><strong>istm</strong></span> 
     </span>
     <span class='ocr_line' id='line_1_22' title="bbox 241 2169 1154 2245; baseline 0.004 -21"><span class='ocrx_word' id='word_1_188' title='bbox 241 2169 372 2238; x_wconf 68' lang='lat' dir='ltr'><strong>dicimus,</strong></span> <span class='ocrx_word' id='word_1_189' title='bbox 399 2177 429 2226; x_wconf 85' lang='lat' dir='ltr'><strong>et</strong></span> <span class='ocrx_word' id='word_1_190' title='bbox 449 2171 474 2225; x_wconf 89' lang='lat' dir='ltr'><strong>si</strong></span> <span class='ocrx_word' id='word_1_191' title='bbox 490 2173 614 2242; x_wconf 74' lang='lat' dir='ltr'><strong>quaeris,</strong></span> <span class='ocrx_word' id='word_1_192' title='bbox 638 2190 688 2228; x_wconf 81' lang='lat' dir='ltr'><strong>cur</strong></span> <span class='ocrx_word' id='word_1_193' title='bbox 708 2189 765 2228; x_wconf 82' lang='lat' dir='ltr'><strong>ucn</strong></span> <span class='ocrx_word' id='word_1_194' title='bbox 790 2171 825 2228; x_wconf 85' lang='lat' dir='ltr'><strong>de</strong></span> <span class='ocrx_word' id='word_1_195' title='bbox 845 2178 888 2228; x_wconf 88' lang='lat' dir='ltr'><strong>tot</strong></span> <span class='ocrx_word' id='word_1_196' title='bbox 913 2178 982 2244; x_wconf 87' lang='lat' dir='ltr'><strong>quot</strong></span> <span class='ocrx_word' id='word_1_197' title='bbox 1005 2179 1070 2228; x_wconf 84' lang='lat' dir='ltr'><strong>sunt</strong></span> <span class='ocrx_word' id='word_1_198' title='bbox 1087 2177 1154 2245; x_wconf 63' lang='lat' dir='ltr'><strong>per-z</strong></span> 
     </span>
     <span class='ocr_line' id='line_1_23' title="bbox 240 2255 1154 2330; baseline 0.004 -20"><span class='ocrx_word' id='word_1_199' title='bbox 240 2270 325 2312; x_wconf 84' lang='lat' dir='ltr'><strong>sonae</strong></span> <span class='ocrx_word' id='word_1_200' title='bbox 342 2255 411 2324; x_wconf 77' lang='lat' dir='ltr'><strong>Dei,</strong></span> <span class='ocrx_word' id='word_1_201' title='bbox 421 2256 467 2311; x_wconf 78' lang='lat' dir='ltr'><strong>vel</strong></span> <span class='ocrx_word' id='word_1_202' title='bbox 485 2257 583 2312; x_wconf 84' lang='lat' dir='ltr'><strong>saltem</strong></span> <span class='ocrx_word' id='word_1_203' title='bbox 600 2257 636 2312; x_wconf 89' lang='lat' dir='ltr'><strong>de</strong></span> <span class='ocrx_word' id='word_1_204' title='bbox 650 2275 708 2314; x_wconf 77' lang='lat' dir='ltr'><strong>unc</strong></span> <span class='ocrx_word' id='word_1_205' title='bbox 722 2258 775 2314; x_wconf 87' lang='lat' dir='ltr'><strong>boc</strong></span> <span class='ocrx_word' id='word_1_206' title='bbox 794 2258 871 2328; x_wconf 85' lang='lat' dir='ltr'><strong>fecit,</strong></span> <span class='ocrx_word' id='word_1_207' title='bbox 886 2259 1057 2328; x_wconf 74' lang='lat' dir='ltr'><strong>respondeo:</strong></span> <span class='ocrx_word' id='word_1_208' title='bbox 1082 2258 1154 2330; x_wconf 73' lang='lat' dir='ltr'><strong>quia</strong></span> 
     </span>
    </p>

    <p class='ocr_par' dir='ltr' id='par_1_10' title="bbox 132 2341 1155 2416">
     <span class='ocr_line' id='line_1_24' title="bbox 132 2341 1155 2416; baseline -0.002 -18"><span class='ocrx_word' id='word_1_209' title='bbox 132 2397 137 2408; x_wconf 22' lang='grc' dir='ltr'><strong>Χ</strong></span> <span class='ocrx_word' id='word_1_210' title='bbox 195 2373 198 2378; x_wconf 93' lang='grc'>-</span> <span class='ocrx_word' id='word_1_211' title='bbox 240 2342 311 2398; x_wconf 84' lang='lat' dir='ltr'><strong>ratio</strong></span> <span class='ocrx_word' id='word_1_212' title='bbox 337 2349 411 2398; x_wconf 86' lang='lat' dir='ltr'><strong>tunc.</strong></span> <span class='ocrx_word' id='word_1_213' title='bbox 431 2341 494 2397; x_wconf 81' lang='lat' dir='ltr'><strong>fieri</strong></span> <span class='ocrx_word' id='word_1_214' title='bbox 519 2342 676 2399; x_wconf 78' lang='lat' dir='ltr'><strong>nullatenus</strong></span> <span class='ocrx_word' id='word_1_215' title='bbox 704 2344 756 2400; x_wconf 79' lang='lat' dir='ltr'><strong>hee</strong></span> <span class='ocrx_word' id='word_1_216' title='bbox 783 2345 924 2416; x_wconf 77' lang='lat' dir='ltr'><strong>exigebat,</strong></span> <span class='ocrx_word' id='word_1_217' title='bbox 955 2345 1006 2400; x_wconf 84' lang='lat' dir='ltr'><strong>esd</strong></span> <span class='ocrx_word' id='word_1_218' title='bbox 1033 2345 1155 2400; x_wconf 77' lang='lat' dir='ltr'><strong>omnium</strong></span> 
     </span>
    </p>

    <p class='ocr_par' dir='ltr' id='par_1_11' title="bbox 190 2427 1154 2758">
     <span class='ocr_line' id='line_1_25' title="bbox 190 2427 1148 2502; baseline 0.004 -25"><span class='ocrx_word' id='word_1_219' title='bbox 190 2427 224 2477; x_wconf 83' lang='grc'><strong>24</strong></span> <span class='ocrx_word' id='word_1_220' title='bbox 240 2428 318 2500; x_wconf 76' lang='lat' dir='ltr'><strong>(quia</strong></span> <span class='ocrx_word' id='word_1_221' title='bbox 345 2429 423 2484; x_wconf 89' lang='lat' dir='ltr'><strong>Deus</strong></span> <span class='ocrx_word' id='word_1_222' title='bbox 449 2428 519 2484; x_wconf 83' lang='lat' dir='ltr'><strong>nibil</strong></span> <span class='ocrx_word' id='word_1_223' title='bbox 544 2430 609 2486; x_wconf 82' lang='lat' dir='ltr'><strong>sine</strong></span> <span class='ocrx_word' id='word_1_224' title='bbox 627 2429 734 2502; x_wconf 71' lang='lat' dir='ltr'><strong>mticnc</strong></span> <span class='ocrx_word' id='word_1_225' title='bbox 758 2429 838 2499; x_wconf 83' lang='lat' dir='ltr'><strong>facit)</strong></span> <span class='ocrx_word' id='word_1_226' title='bbox 867 2429 1040 2502; x_wconf 85' lang='lat' dir='ltr'><strong>prohibebat</strong></span> <span class='ocrx_word' id='word_1_227' title='bbox 1076 2433 1148 2487; x_wconf 72' lang='lat' dir='ltr'><strong>Boe.</strong></span> 
     </span>
     <span class='ocr_line' id='line_1_26' title="bbox 240 2513 1151 2588; baseline 0.003 -19"><span class='ocrx_word' id='word_1_228' title='bbox 240 2513 383 2570; x_wconf 82' lang='lat' dir='ltr'><strong>Erubesce</strong></span> <span class='ocrx_word' id='word_1_229' title='bbox 413 2513 479 2586; x_wconf 84' lang='lat' dir='ltr'><strong>quia</strong></span> <span class='ocrx_word' id='word_1_230' title='bbox 506 2514 558 2570; x_wconf 84' lang='lat' dir='ltr'><strong>hcc</strong></span> <span class='ocrx_word' id='word_1_231' title='bbox 586 2515 726 2586; x_wconf 79' lang='lat' dir='ltr'><strong>quaesivi3</strong></span> <span class='ocrx_word' id='word_1_232' title='bbox 753 2515 800 2570; x_wconf 90' lang='lat' dir='ltr'><strong>dic</strong></span> <span class='ocrx_word' id='word_1_233' title='bbox 826 2533 898 2588; x_wconf 86' lang='lat' dir='ltr'><strong>quae</strong></span> <span class='ocrx_word' id='word_1_234' title='bbox 927 2516 1051 2572; x_wconf 74' lang='lat' dir='ltr'><strong>dictum</strong></span> <span class='ocrx_word' id='word_1_235' title='bbox 1077 2533 1151 2585; x_wconf 80' lang='lat' dir='ltr'><strong>erae:</strong></span> 
     </span>
     <span class='ocr_line' id='line_1_27' title="bbox 240 2599 1154 2674; baseline -0.002 -18"><span class='ocrx_word' id='word_1_236' title='bbox 240 2599 309 2656; x_wconf 77' lang='lat' dir='ltr'><strong>Am.</strong></span> <span class='ocrx_word' id='word_1_237' title='bbox 344 2600 478 2656; x_wconf 78' lang='lat' dir='ltr'><strong>Dicamus</strong></span> <span class='ocrx_word' id='word_1_238' title='bbox 504 2618 584 2674; x_wconf 80' lang='lat' dir='ltr'><strong>erge,</strong></span> <span class='ocrx_word' id='word_1_239' title='bbox 609 2601 677 2674; x_wconf 74' lang='lat' dir='ltr'><strong>quis</strong></span> <span class='ocrx_word' id='word_1_240' title='bbox 697 2601 767 2658; x_wconf 82' lang='lat' dir='ltr'><strong>meri</strong></span> <span class='ocrx_word' id='word_1_241' title='bbox 789 2619 845 2656; x_wconf 88' lang='lat' dir='ltr'><strong>non</strong></span> <span class='ocrx_word' id='word_1_242' title='bbox 865 2602 991 2672; x_wconf 77' lang='lat' dir='ltr'><strong>debebit,</strong></span> <span class='ocrx_word' id='word_1_243' title='bbox 1012 2601 1154 2674; x_wconf 64' lang='lat' dir='ltr'><strong>quonism,</strong></span> 
     </span>
     <span class='ocr_line' id='line_1_28' title="bbox 240 2685 994 2758; baseline 0.001 -17"><span class='ocrx_word' id='word_1_244' title='bbox 240 2701 296 2742; x_wconf 84' lang='lat' dir='ltr'><strong>uon</strong></span> <span class='ocrx_word' id='word_1_245' title='bbox 311 2686 366 2741; x_wconf 88' lang='lat' dir='ltr'><strong>erit</strong></span> <span class='ocrx_word' id='word_1_246' title='bbox 382 2692 519 2756; x_wconf 76' lang='lat' dir='ltr'><strong>peccator.</strong></span> <span class='ocrx_word' id='word_1_247' title='bbox 552 2687 621 2741; x_wconf 79' lang='lat' dir='ltr'><strong>Boe.</strong></span> <span class='ocrx_word' id='word_1_248' title='bbox 639 2685 799 2743; x_wconf 81' lang='lat' dir='ltr'><strong>Conceders</strong></span> <span class='ocrx_word' id='word_1_249' title='bbox 816 2705 860 2743; x_wconf 92' lang='lat' dir='ltr'><strong>me</strong></span> <span class='ocrx_word' id='word_1_250' title='bbox 878 2693 994 2758; x_wconf 84' lang='lat' dir='ltr'><strong>oportet</strong></span> 
     </span>
    </p>
   </div>
   <div class='ocr_carea' id='block_1_3' title="bbox 195 2855 1153 3220">
    <p class='ocr_par' dir='ltr' id='par_1_12' title="bbox 195 2855 1153 3220">
     <span class='ocr_line' id='line_1_29' title="bbox 195 2855 1151 2964; baseline 0.009 -27"><span class='ocrx_word' id='word_1_251' title='bbox 195 2885 220 2937; x_wconf 85' lang='lat' dir='ltr'><strong>&#39;i</strong></span> <span class='ocrx_word' id='word_1_252' title='bbox 319 2855 389 2940; x_wconf 70' lang='lat'><strong>11·</strong></span> <span class='ocrx_word' id='word_1_253' title='bbox 438 2892 507 2944; x_wconf 72' lang='lat' dir='ltr'><strong>Am.</strong></span> <span class='ocrx_word' id='word_1_254' title='bbox 542 2888 625 2947; x_wconf 87' lang='lat' dir='ltr'><strong>Nunc</strong></span> <span class='ocrx_word' id='word_1_255' title='bbox 649 2887 742 2949; x_wconf 84' lang='lat' dir='ltr'><strong>eutem</strong></span> <span class='ocrx_word' id='word_1_256' title='bbox 767 2899 855 2949; x_wconf 85' lang='lat' dir='ltr'><strong>restat</strong></span> <span class='ocrx_word' id='word_1_257' title='bbox 877 2893 1026 2964; x_wconf 81' lang='lat' dir='ltr'><strong>indagare,</strong></span> <span class='ocrx_word' id='word_1_258' title='bbox 1044 2877 1151 2946; x_wconf 63' lang='lat' dir='ltr'><strong>&#39;utrum</strong></span> 
     </span>
     <span class='ocr_line' id='line_1_30' title="bbox 240 2968 1151 3047; baseline 0.009 -24"><span class='ocrx_word' id='word_1_259' title='bbox 240 2971 420 3047; x_wconf 73' lang='lat' dir='ltr'><strong>possit&#39;mori</strong></span> <span class='ocrx_word' id='word_1_260' title='bbox 446 2976 598 3031; x_wconf 87' lang='lat' dir='ltr'><strong>secundum</strong></span> <span class='ocrx_word' id='word_1_261' title='bbox 620 2977 768 3034; x_wconf 83' lang='lat' dir='ltr'><strong>humanam</strong></span> <span class='ocrx_word' id='word_1_262' title='bbox 793 2985 936 3047; x_wconf 70' lang='lat' dir='ltr'><strong>usturam</strong></span> <span class='ocrx_word' id='word_1_263' title='bbox 963 2995 1028 3033; x_wconf 83' lang='lat' dir='ltr'><strong>nam</strong></span> <span class='ocrx_word' id='word_1_264' title='bbox 1047 2968 1151 3031; x_wconf 67' lang='lat' dir='ltr'><strong>secun-&#39;¹</strong></span> 
     </span>
     <span class='ocr_line' id='line_1_31' title="bbox 205 3049 1153 3136; baseline 0.013 -26"><span class='ocrx_word' id='word_1_265' title='bbox 205 3059 221 3111; x_wconf 92' lang='grc'>2</span> <span class='ocrx_word' id='word_1_266' title='bbox 240 3055 307 3111; x_wconf 88' lang='lat' dir='ltr'><strong>dum</strong></span> <span class='ocrx_word' id='word_1_267' title='bbox 324 3057 446 3113; x_wconf 79' lang='lat' dir='ltr'><strong>divinam</strong></span> <span class='ocrx_word' id='word_1_268' title='bbox 471 3062 688 3133; x_wconf 86' lang='lat' dir='ltr'><strong>incorruptibilis</strong></span> <span class='ocrx_word' id='word_1_269' title='bbox 706 3081 815 3136; x_wconf 82' lang='lat' dir='ltr'><strong>semper</strong></span> <span class='ocrx_word' id='word_1_270' title='bbox 831 3065 891 3120; x_wconf 91' lang='lat' dir='ltr'><strong>erit.</strong></span> <span class='ocrx_word' id='word_1_271' title='bbox 927 3065 996 3117; x_wconf 82' lang='lat' dir='ltr'><strong>Boe.</strong></span> <span class='ocrx_word' id='word_1_272' title='bbox 1031 3061 1077 3117; x_wconf 91' lang='lat' dir='ltr'><strong>De</strong></span> <span class='ocrx_word' id='word_1_273' title='bbox 1092 3049 1153 3122; x_wconf 70' lang='lat' dir='ltr'><strong>hod.</strong></span> 
     </span>
     <span class='ocr_line' id='line_1_32' title="bbox 239 3141 1151 3220; baseline 0.003 -22"><span class='ocrx_word' id='word_1_274' title='bbox 239 3149 289 3198; x_wconf 82' lang='lat' dir='ltr'><strong>tur</strong></span> <span class='ocrx_word' id='word_1_275' title='bbox 306 3142 435 3199; x_wconf 85' lang='lat' dir='ltr'><strong>dubitare</strong></span> <span class='ocrx_word' id='word_1_276' title='bbox 453 3145 597 3217; x_wconf 85' lang='lat' dir='ltr'><strong>debemus,</strong></span> <span class='ocrx_word' id='word_1_277' title='bbox 622 3165 685 3203; x_wconf 88' lang='lat' dir='ltr'><strong>cum</strong></span> <span class='ocrx_word' id='word_1_278' title='bbox 702 3149 763 3220; x_wconf 88' lang='lat' dir='ltr'><strong>ipse</strong></span> <span class='ocrx_word' id='word_1_279' title='bbox 779 3164 861 3205; x_wconf 84' lang='lat' dir='ltr'><strong>verae</strong></span> <span class='ocrx_word' id='word_1_280' title='bbox 878 3141 960 3204; x_wconf 83' lang='lat' dir='ltr'><strong>homo</strong></span> <span class='ocrx_word' id='word_1_281' title='bbox 978 3149 1089 3204; x_wconf 85' lang='lat' dir='ltr'><strong>futurus</strong></span> <span class='ocrx_word' id='word_1_282' title='bbox 1109 3147 1151 3202; x_wconf 81' lang='lat' dir='ltr'><strong>sit</strong></span> 
     </span>
    </p>
   </div>
   <div class='ocr_carea' id='block_1_4' title="bbox 1143 3306 1152 3340">
    <p class='ocr_par' dir='ltr' id='par_1_13' title="bbox 1143 3306 1152 3340">
     <span class='ocr_line' id='line_1_33' title="bbox 1143 3306 1152 3340; baseline 0 0"><span class='ocrx_word' id='word_1_283' title='bbox 1143 3306 1152 3340; x_wconf 68' lang='lat' dir='ltr'><strong>i</strong></span> 
     </span>
    </p>
   </div>
   <div class='ocr_carea' id='block_1_5' title="bbox 247 3327 480 3421">
    <p class='ocr_par' dir='ltr' id='par_1_14' title="bbox 247 3327 480 3421">
     <span class='ocr_line' id='line_1_34' title="bbox 247 3327 480 3421; baseline 0.004 -15"><span class='ocrx_word' id='word_1_284' title='bbox 247 3327 252 3337; x_wconf 78' lang='grc'><strong>“</strong></span> <span class='ocrx_word' id='word_1_285' title='bbox 309 3353 334 3420; x_wconf 85' lang='lat'><strong>1)</strong></span> <span class='ocrx_word' id='word_1_286' title='bbox 351 3367 374 3406; x_wconf 77' lang='grc' dir='ltr'><strong>ο.</strong></span> <span class='ocrx_word' id='word_1_287' title='bbox 395 3358 418 3421; x_wconf 83' lang='lat'><strong>5,</strong></span> <span class='ocrx_word' id='word_1_288' title='bbox 440 3351 480 3407; x_wconf 81' lang='lat'><strong>11.</strong></span> 
     </span>
    </p>
   </div>
   <div class='ocr_carea' id='block_1_6' title="bbox 0 0 1324 3816">
    <p class='ocr_par' dir='ltr' id='par_1_15' title="bbox 0 0 1324 3816">
     <span class='ocr_line' id='line_1_35' title="bbox 0 0 1324 3816; baseline 0 2"><span class='ocrx_word' id='word_1_289' title='bbox 0 0 1324 3816; x_wconf 95' lang='lat' dir='ltr'><strong> </strong></span> 
     </span>
    </p>
   </div>
  </div>
 </body>
</html>
