2640 3816
164 315 220 358 cm
434 317 667 376 -rassrnrro
685 316 871 376 sorrecis.
898 301 900 304 ’

163 488 210 556 ct'
224 489 271 555 rei
299 491 426 573 amplae
454 491 694 576 profundaeque
725 512 866 576 congrua
890 492 1004 557 mirum
1030 509 1127 574 quan·
1248 475 1252 484 ’

166 582 234 641 tum
261 573 495 662 supersedisse,
526 597 650 643 necnon
680 597 783 660 aequo
812 577 886 664 plns
915 595 1040 642 crucem
1061 576 1128 642 dia-

166 661 240 726 bolo
268 660 351 724 iuste
372 662 533 727 hominem
558 663 690 728 vexanti
712 663 805 744 quasi
826 662 1038 748 muscipulam
1060 669 1128 728 ten-

163 765 236 812 sam
268 743 405 830 arsisse,
440 748 544 813 nescit
579 767 672 813 nemo
710 747 744 813 in
775 747 910 814 historia
943 749 1129 831 dogmatum

167 830 413 896 christianorum
442 839 598 899 versatus.
641 834 684 898 At
713 853 789 898 vero
816 835 848 899 S.
865 835 1037 899 Anselmus
1065 852 1129 898 non

165 922 219 982 sat
240 915 352 979 habuit
374 937 446 981 cum
468 917 613 1002 patribus
641 922 877 983 convenientiam
899 937 1043 984 asserere
1066 918 1127 984 sal-

165 999 319 1084 vationis,
348 1003 475 1086 qualem
496 1002 559 1068 Del
586 1003 671 1070 filius
696 1003 895 1071 humanitate
908 1004 950 1067 ‘in
971 1023 1129 1088 personae

163 1086 321 1151 unitatem
353 1094 495 1153 assumta
523 1088 647 1172 effecit,
681 1109 785 1172 neque
813 1088 1030 1154 tantummodo
1059 1109 1128 1150 coa·

161 1174 312 1236 -teationec
339 1170 422 1236 inter
443 1171 602 1237 Adamum
629 1180 661 1238 et
683 1172 845 1238 Christum
871 1174 999 1238 illiusve
1021 1171 1128 1237 inobe

163 1255 320 1322 dientiam
342 1265 574 1341 peccatumque
593 1257 790 1323 mortiferum
813 1265 845 1322 et
866 1257 959 1323 huius
980 1257 1128 1323 obedien-

44 1392 46 1395 .
165 1341 245 1408 tiam
264 1339 482 1426 iustitiamque
507 1343 670 1409 vivificam
696 1343 817 1425 absque
835 1340 934 1408 'dubio
956 1343 1128 1408 concinnas

166 1427 268 1492 voluit
297 1427 384 1512 fieri,
415 1427 473 1494 scd
502 1431 707 1492 necessitatem
740 1427 869 1493 divinae
898 1427 1128 1495 humiliationis

165 1510 446 1580 demonstrandam
476 1517 573 1596 atque
601 1513 813 1577 rcaoactilem
843 1513 1024 1577 soliditatem
1045 1513 1127 1578 veri-

161 1595 257 1679 tatis,
287 1597 376 1663 cuius
405 1597 565 1684 principia
593 1604 625 1662 et
653 1597 798 1681 germina
819 1595 906 1682 apud
929 1597 1128 1683 superiorum

164 1687 343 1767 temporum
364 1680 509 1749 doctores
531 1681 707 1765 indagavit,
731 1703 803 1749 esse
824 1684 1050 1768 explicandam
1071 1684 1126 1748 ha-

164 1766 234 1831 buit
261 1787 459 1853 persuasum.
506 1768 679 1833 Praeterea
709 1775 816 1834 autem
845 1769 1127 1852 argumentationi·

164 1852 224 1917 bus
252 1855 401 1938 istorum,
431 1853 486 1934 qui
510 1860 575 1916 tam
603 1852 765 1918 diabolum
793 1873 852 1937 per
873 1855 995 1937 lignum
1015 1854 1049 1918 in
1070 1874 1126 1938 pa*

165 1938 273 2004 radiso
315 1938 468 2004 victorem
511 1937 651 2020 aliquam
694 1937 728 2000 in
770 1937 964 2022 possidendo
1000 1939 1127 2003 homine

160 2019 321 2088 iustitiam
346 2023 519 2106 mortisque
545 2021 713 2106 imperium
734 2021 885 2087 habuisse
908 2023 1126 2104 defenderunt,
1212 2087 1214 2095 Α

160 2123 263 2190 'quam
298 2108 435 2174 eundem
469 2127 602 2192 corpore
635 2106 765 2171 Domini
803 2106 836 2171 in
868 2113 1001 2171 mortem
1033 2113 1127 2192 rapto

102 2192 104 2196 ’
160 2194 253 2258 'hami
274 2191 452 2259 divinitatis
471 2193 506 2257 in
528 2213 566 2258 eo
587 2191 702 2257 inclusi
723 2192 957 2276 imprudentem
979 2212 1052 2258 esse
1072 2192 1126 2257 de-

165 2278 286 2344 victum
304 2279 495 2362 illusumque
513 2283 719 2359 censuerunt,
746 2313 788 2322 -
817 2293 947 2362 prorsus
969 2277 1128 2344 dubitavit

165 2364 274 2430 album
305 2364 445 2429 adiicere
478 2363 643 2429 calculum.
697 2363 810 2446 Neque
843 2363 928 2427 enim
960 2363 1026 2428 ullo
1058 2364 1127 2428 iure

165 2449 318 2516 Anselmo
346 2451 436 2515 visus
475 2454 525 2512 est
562 2453 731 2533 peccatum
765 2448 954 2531 peccatique
990 2468 1128 2533 poenam

164 2534 321 2602 diabolus.
342 2535 383 2600 ab
411 2532 590 2600 hominibus
621 2537 696 2597 ante
724 2533 910 2616 passionem
936 2533 1128 2598 dominicam

159 2619 331 2703 'exegisse;
360 2639 398 2684 ac
419 2617 628 2684 scholasticus
655 2623 764 2682 noster
786 2619 936 2699 quoniam
957 2624 1043 2683 recte
1066 2618 1126 2682 Ve-

165 2703 294 2769 ritatem
315 2704 414 2769 ullum
434 2703 546 2768 fallere
568 2702 716 2786 negavit,
739 2702 889 2768 vimutem
911 2701 1053 2768 divinam
1070 2702 1126 2766 hu-

164 2809 261 2854 mana
280 2788 460 2854 humihtate
479 2788 563 2854 hunc
588 2787 622 2851 in
642 2787 739 2851 finem
759 2795 916 2873 opertam,
945 2795 980 2852 ut
1002 2787 1127 2852 fallere-

165 2881 218 2938 tur
237 2874 405 2940 falleretvc
433 2894 469 2939 se
496 2873 551 2956 qui
570 2872 712 2938 fallendo
734 2871 894 2938 hominem
911 2872 951 2937 de
974 2872 1127 2956 paradiso

164 2956 338 3026 deiecisset
368 2957 530 3044 diabolus,
559 2956 734 3023 concedere
762 2958 893 3040 nequiit.
936 2956 1127 3023 Huiusmodi

162 3041 263 3128 igitur
288 3082 319 3089 —
347 3041 454 3128 quoad
476 3041 594 3125 dogma
619 3041 849 3108 satisfactionis
871 3081 912 3090 -
934 3039 1128 3108 offendicula

159 3128 287 3212 ‚legenti
308 3127 519 3213 patrumscri
543 3134 578 3192 ta
598 3125 695 3193 Becci
716 3126 781 3192 iam
804 3135 1021 3210 occurrerunt,
1044 3146 1127 3209 quae

165 3214 200 3280 in
227 3213 298 3280 dies
327 3213 465 3280 adaucta
487 3148 556 3279 sigi
588 3213 685 3280 evelli
716 3233 781 3282 non
813 3231 910 3296 posse
941 3211 1031 3297 vidit,
1063 3211 1129 3280 nisi

164 3299 236 3383 ipse
256 3320 325 3365 rem
346 3305 462 3364 exacta
476 3297 746 3364 demonstratione
760 3304 910 3380 egentem
924 3297 1128 3368 retractanda

165 3392 199 3451 et
219 3393 328 3470 partes
348 3405 371 3449 a
392 3383 565 3452 maioribus
587 3383 716 3450 relictas
736 3382 883 3466 expleret
903 3390 938 3448 et
958 3383 1128 3450 veritatem
