2640 3816
560 324 762 382 cnPITULA,
1095 313 1146 360 ΠΧ

202 501 225 551 3.
253 495 334 560 Quod
361 513 423 551 cum
453 514 567 566 corpore
594 497 623 549 in
650 513 705 565 quo
732 495 801 549 vivit
831 494 859 547 in
886 493 938 546 hac
964 493 1037 559 vita,
1062 487 1145 544 homo
1224 504 1228 511 ·

254 587 388 653 resurget.

203 693 227 742 4.
254 685 335 750 Quod
354 685 388 740 de
407 685 527 740 humana
545 691 644 740 natura
663 683 787 755 perficiet
805 684 882 736 Deus
901 680 975 752 quod
993 677 1105 748 incepit.

205 796 228 845 5.
255 789 336 853 Quod
365 788 490 860 quamvis
515 788 568 842 hoo
593 805 706 844 necesse
734 786 770 841 sit
791 786 865 854 fieri,
892 792 985 840 tamen
1009 781 1063 835 hoe
1090 797 1145 834 nou

253 875 338 930 faciet
362 882 477 946 cogente
497 875 677 944 necessitate,
702 879 730 930 et
753 890 824 944 quae
848 871 884 926 sit
907 869 1055 926 necessitas
1074 883 1145 936 quae

256 961 347 1015 aufert
364 960 483 1032 gratiam
501 966 550 1016 aut
567 960 674 1028 minuit,
692 969 720 1018 et
737 975 809 1030 quae
827 957 976 1013 necessitas
994 959 1104 1026 augeat.

207 1068 230 1118 t.
255 1063 336 1127 Quod
354 1062 569 1118 satisfactionem
587 1079 637 1132 per
651 1079 735 1133 quam
746 1063 869 1118 salvatur
881 1061 1045 1128 homo‚,non
1060 1055 1149 1129 possit

255 1150 348 1203 facere
365 1147 418 1201 uisi
435 1148 513 1202 Deus
532 1147 621 1202 homo.

207 1245 229 1308 ’7.
254 1251 334 1314 Quod
360 1267 472 1306 necesse
497 1251 534 1304 sit
558 1252 675 1306 eundem
700 1253 790 1322 ipsum
810 1265 869 1305 esse
884 1248 1038 1320 perfectum
1056 1247 1147 1300 Deum

257 1343 284 1391 et
301 1335 454 1408 perlectum
472 1337 619 1392 hominem.

206 1446 229 1495 8.
254 1439 335 1503 Quod
354 1457 387 1494 ex
402 1457 502 1510 genere
522 1441 601 1496 Adae
619 1448 647 1495 et
664 1441 699 1495 de
709 1439 827 1510 Virgine
844 1438 947 1494 femina
960 1439 1051 1492 Deum
1069 1452 1148 1506 opor-

255 1532 314 1580 teat
330 1543 468 1580 assumere
486 1527 629 1581 hominem.

207 1633 230 1684 9.
257 1629 336 1693 Quod
355 1645 468 1683 necesse
489 1629 525 1682 sit
542 1629 664 1684 Verbum
688 1629 777 1683 solum
800 1635 828 1683 et
850 1628 987 1684 hominem
1012 1628 1041 1682 iu
1064 1642 1148 1680 unam

259 1713 404 1768 convenire
422 1731 575 1784 personam.

193 1823 231 1872 10.
260 1816 340 1880 Quod
360 1817 432 1871 idem
455 1817 536 1872 homo
557 1835 612 1873 non
629 1835 662 1872 ex
681 1817 775 1872 debito
795 1817 941 1884 morinum,
967 1812 1149 1900 ecquomodo

259 1903 347 1976 possit
367 1904 485 1958 velcon
511 1904 600 1972 possit
623 1921 751 1974 peccare,
775 1909 803 1956 et
826 1919 875 1955 cur
897 1901 943 1955 ille
966 1902 1010 1955 vel
1033 1899 1150 1970 angelus

260 1989 363 2043 desua
381 1989 488 2044 iustitie
504 1990 661 2044 laudandus
680 1991 730 2059 sit,
748 2008 812 2044 oum
829 2003 945 2058 peccare
962 2005 1018 2041 nou
1035 1986 1150 2056 possint.

194 2097 232 2146 tt.
261 2091 343 2156 Quod
360 2093 491 2146 moriatur
510 2110 542 2146 er
562 2111 612 2147 sua
629 2099 767 2164 potestate
785 2101 813 2149 et
830 2092 905 2164 quod
925 2092 1078 2148 mortalitas
1096 2108 1151 2146 non

260 2178 397 2247 pertineat
415 2177 450 2231 ad
469 2195 566 2248 puram
586 2178 704 2234 hominis
723 2186 857 2234 naturam.

194 2285 232 2334 12.
260 2279 341 2342 Quod
367 2281 491 2350 quamvis
516 2282 750 2337 incommodorum
779 2289 934 2337 nostrorum
949 2284 1089 2354 particeps
1107 2281 1151 2350 sit,

261 2365 344 2420 miser
359 2373 452 2421 tamen
470 2385 524 2421 non
542 2370 586 2424 sit.

195 2473 234 2524 13.
260 2467 341 2532 Quod
364 2486 427 2523 cum
451 2470 512 2525 eliis
535 2469 742 2526 infirmitatibus
768 2473 868 2526 nostris
892 2471 1077 2542 ignorantiam
1095 2489 1151 2527 non

261 2555 371 2610 habeat.

195 2647 233 2696 14.
258 2640 401 2704 Quomodo
424 2661 496 2698 mors
521 2644 579 2698 eius
606 2645 765 2716 praevaleat
782 2661 896 2699 numero
916 2649 944 2698 et
962 2644 1154 2714 magnitudine

262 2732 439 2796 peccatorum
458 2729 588 2784 omnium.

196 2821 234 2870 15.
263 2813 406 2877 Quomodo
431 2816 522 2869 deleat
545 2833 617 2870 mors
642 2817 738 2871 eadem
763 2815 844 2870 etiam
867 2824 984 2886 peccata
1003 2836 1065 2874 eum
1083 2821 1155 2892 peri-

262 2902 403 2955 mentium.

196 2994 246 3043 16⁸.
256 2986 382 3051 Qualiter
403 2989 481 3043 Deus
504 2989 539 3043 de
565 3005 656 3042 massa
679 2988 835 3057 peccatrice
863 2989 993 3045 assumsit
1016 2990 1154 3048 homiuem

261 3074 320 3130 sine
337 3082 460 3144 peccato,
480 3080 508 3129 et
525 3074 559 3128 de
577 3074 729 3129 salvatione
746 3075 826 3130 Adae
843 3083 871 3130 et
884 3075 969 3132 Evae.

197 3159 248 3214 16¹⁸.
260 3160 404 3225 Quomodo
427 3177 483 3215 uon
506 3161 671 3216 necessitate
694 3168 818 3216 mortuus
844 3170 899 3232 est,
922 3164 970 3234 qui
989 3182 1045 3219 non
1062 3163 1155 3234 potuit

264 3264 324 3302 esse
342 3246 396 3302 uisi
413 3245 480 3316 quia
497 3253 555 3301 erat
573 3247 729 3302 merianus.

196 3337 235 3386 ll.
260 3330 340 3395 Quod
358 3332 388 3386 in
406 3332 466 3385 Deo
485 3349 541 3386 non
564 3333 601 3386 sit
628 3334 776 3389 necessitas
804 3335 849 3391 vel
874 3332 1098 3405 impossibilitas,
1126 3343 1155 3402 et

263 3415 331 3487 quid
350 3417 387 3470 sit
403 3416 553 3471 necessitas
573 3433 676 3490 cogens
696 3425 724 3474 et
741 3420 890 3476 necessitas
907 3437 962 3474 non
982 3435 1091 3490 cogens.
