2640 3816
216 317 270 380 '56
410 317 438 373 S.
459 314 629 374 ANSELMI
648 313 954 374 CANTUAROENSIS

178 483 359 552 it'facers.¹)
393 484 431 543 Et
456 503 519 542 cum
552 485 669 542 dicimus
693 485 785 542 Deum
810 483 918 558 aliquid
940 487 1034 543 facere
1057 487 1138 559 quasi

229 573 396 630 necessitate
414 573 521 628 vitandi
540 571 741 628 inhonestatem
759 589 844 644 quam
860 571 957 645 utique
974 589 1031 627 non
1047 571 1138 634 timet,

183 727 188 742 ¹
216 659 321 729 'potius
338 657 552 730 intelligendum
571 663 627 724 est,
651 660 717 732 quia
742 659 794 714 hoc
810 657 880 714 facit
898 657 1063 714 necessitate
1081 673 1135 714 ser-

183 751 188 768 ¹‘
216 743 337 801 ‘vendes
353 743 517 815 honestatis,
542 761 614 818 quae
637 745 742 800 scilicet
759 743 909 800 necessitas
926 762 983 799 non
1000 751 1042 801 cst
1058 743 1134 799 aliud

215 837 312 900 'quam
335 829 545 886 immutabilitas
570 831 722 888 honestatis
745 830 816 899 eius,
842 847 926 902 quam
944 849 962 886 a
980 849 1010 886 so
1028 831 1089 902 ipsc
1107 825 1136 886 et

220 911 284 971 'non
301 917 338 972 ab
356 913 412 970 alio
431 915 530 988 habet3
557 923 585 973 et
610 917 714 973 idcirco
731 915 880 986 improprie
897 915 1000 971 dicitnr
1016 915 1135 972 necessi·

180 995 280 1082 litas
314 999 447 1055 Dicamus
470 1005 576 1072 tamen,
602 1001 670 1074 quia
688 1003 874 1071 necessest,
898 1007 930 1057 ut
954 1001 1063 1057 bonitas
1081 1001 1135 1058 Dei

183 1101 191 1110 ·
228 1092 342 1157 propter
365 1087 617 1143 immutabilitatem
643 1104 722 1142 suam
737 1085 863 1157 perficiat
880 1089 916 1144 de
934 1087 1044 1144 homine
1061 1088 1136 1160 quod

179 1169 190 1190 ⁶
220 1164 348 1243 incepit,
378 1173 503 1244 quamvis
531 1179 621 1229 totum
648 1173 684 1228 sit
708 1173 799 1245 gratia
826 1173 929 1229 bonum
957 1175 1031 1246 quod
1058 1173 1134 1228 facit

218 1251 298 1312 ''Bon
316 1253 455 1315 Concedo.
870 1259 871 1264 '

197 1423 223 1474 l'
308 1393 349 1482 6.
400 1430 470 1482 Ans.
488 1429 551 1484 Hoc
568 1429 729 1486 autemfieri
740 1431 844 1503 nequit,
861 1426 917 1486 nisi
928 1431 964 1487 sit
977 1431 1026 1503 qui
1046 1433 1136 1487 solvat

216 1509 291 1567 ‘Dec
319 1529 369 1584 pro
395 1521 509 1584 peccato
532 1513 650 1570 hominis
677 1515 785 1587 aliquid
811 1517 915 1585 maius,
946 1532 1030 1587 quam
1055 1531 1136 1570 omne

195 1592 305 1670 tquod
322 1605 433 1669 praeter
450 1599 542 1656 Deum
558 1611 607 1658 est.
643 1605 712 1657 Boc.
741 1601 791 1686 Ita
802 1607 919 1658 constat.
954 1603 1024 1656 Ans.
1052 1593 1136 1680 Illum

230 1699 355 1758 quoque,
389 1685 439 1756 qui
466 1687 502 1743 de
527 1689 706 1761 suo‘poterit
730 1687 791 1746 Deo
808 1689 886 1744 'dare
912 1686 1033 1759 aliquid,
1062 1686 1137 1759 quod

229 1777 341 1841 superet
358 1789 445 1829 omne*
458 1775 533 1844 quod
557 1776 609 1831 sub
626 1777 687 1833 Deo
706 1782 761 1845 est,
790 1773 920 1829 maiorem
945 1789 1006 1830 esse
1023 1789 1138 1830 necesse

187 1923 196 1940 ς
230 1865 281 1927 est,
304 1875 387 1929 quam
406 1873 487 1915 omne
506 1861 581 1932 quod
597 1878 653 1917 non
676 1859 719 1916 est
737 1859 822 1916 Deus.
858 1863 927 1915 Boe.
957 1857 1073 1930 Nequeo
1090 1873 1137 1912 ne·

186 1939 211 1991 ‘³
229 1959 305 2013 gare.
339 1941 410 1998 Ans.
447 1943 524 2000 Nihil
552 1953 645 2002 antem
671 1952 715 2002 est
740 1960 824 2017 supra
851 1961 931 2000 omne
962 1943 1038 2017 quod
1059 1942 1136 1998 Deus

195 2027 285 2081 fnon
302 2033 356 2098 est,
381 2030 436 2083 nisi
450 2029 535 2086 Deus.
571 2033 649 2085 Bosa
676 2033 782 2088 Verum
799 2038 849 2086 est.
883 2033 953 2085 Ans.
987 2029 1052 2086 Non
1071 2045 1137 2100 ergo

215 2111 322 2181 ‘potest
339 2113 411 2167 hanc
436 2113 654 2172 satisfactionem
678 2118 770 2174 facere
788 2115 842 2171 nisi
863 2115 949 2172 Deus.
985 2117 1054 2172 Bos.
1091 2113 1137 2170 sic

216 2197 363 2267 sequitur.
399 2200 466 2253 Aca.
502 2199 558 2256 Sed
581 2219 634 2258 nec
654 2203 746 2259 facere
768 2201 846 2257 illam
869 2203 952 2258 debet
974 2199 1028 2256 nisi
1046 2200 1136 2269 homo,

230 2281 354 2356 alioquin
372 2299 428 2338 non
446 2284 582 2343 satisfacit
600 2287 690 2345 homo.
726 2293 793 2345 Boc.
819 2291 884 2347 Non
898 2288 1013 2346 *videtur
1030 2285 1136 2358 aliquid

196 2369 335 2426 diustius.
370 2375 438 2424 Ana.
470 2369 500 2427 Si
516 2390 596 2446 ergo,
621 2375 693 2431 sicut
709 2382 834 2444 constat,
858 2389 971 2429 necesse
989 2375 1082 2428 estut
1102 2370 1136 2426 de

227 2455 386 2512 hominibus
409 2455 570 2528 perficiatur
594 2457 644 2514 illa
662 2477 783 2532 superna
799 2459 910 2528 civitas,
935 2475 987 2514 nee
1004 2458 1056 2515 hoc
1076 2471 1135 2537 esse

228 2543 305 2598 valet
332 2543 387 2598 nisi
408 2542 462 2598 *fist
486 2543 631 2614 praedicta
657 2547 823 2612 satisfactio,
855 2563 939 2618 quam
967 2561 1020 2600 nec
1045 2547 1136 2614 potest

185 2688 199 2698 ,ἵ
218 2625 321 2684 'facete
344 2629 398 2683 nisi
416 2629 494 2684 Deus
517 2645 569 2685 nec
595 2630 679 2690 debet
700 2631 755 2686 uisi
774 2631 871 2702 homo;
891 2647 1006 2685 necesse
1024 2635 1081 2699 est,
1104 2636 1137 2684 ut

192 2713 291 2767 team
318 2714 406 2770 faeiat
435 2715 512 2770 Deus
538 2713 629 2773 homo.
670 2719 739 2774 Bos.
773 2717 941 2774 Benedictus
962 2716 1055 2772 Deus!
1081 2715 1137 2770 iam

221 2794 361 2870 magnum
388 2801 521 2873 quiddam
547 2799 703 2857 invenimus
727 2803 763 2858 de
786 2803 839 2860 hoc
862 2797 938 2876 qnod
964 2801 1137 2874 quaerimus3

216 2883 400 2954 'prosequere‘
414 2886 511 2960 igitur,
537 2887 723 2967 ut'inccpisti.
759 2889 847 2962 Spero
864 2887 950 2962 enim,
975 2887 1041 2961 quia
1059 2888 1136 2943 Deus

186 2971 190 2990 '
226 2983 278 3024 nos
297 2969 446 3026 adiuvabit

219 3242 223 3249 d
299 3181 324 3239 lt
353 3175 411 3232 cu.
438 3177 472 3245 S..
496 3177 624 3234 Amasim
653 3179 739 3236 Liber
768 3180 996 3234 Medtatiomms.
1023 3195 1077 3234 rec.
1100 3177 1137 3234 A.

227 3247 310 3302 Buce.
327 3239 424 3304 ‘colon
451 3251 524 3302 1851.
544 3245 606 3316 XL,
636 3253 700 3304 135:
738 3246 852 3318 „Omnis
869 3247 1020 3302 necessitas
1041 3253 1069 3303 et
1086 3246 1136 3304 im·

186 3297 198 3338 ⁶¹
220 3313 398 3400 'possibilitas
428 3315 487 3371 eius
511 3310 637 3376 subiacet
661 3315 823 3398 'voluntast-
843 3315 955 3397 Quippe
977 3315 1052 3387 quod
1068 3315 1137 3414 *uult¹

220 3397 340 3440 necesse
357 3391 401 3440 est
416 3398 495 3454 esss;
513 3388 543 3438 et
558 3385 635 3456 qnod
651 3401 709 3439 non
727 3383 797 3449 suit,
814 3383 984 3456 mposssbde
997 3391 1040 3440 est
1051 3385 1129 3441 essa‘
