2640 3816
143 325 216 367 ¹V¹1¹
522 322 724 380 CAPITULA.

213 501 242 550 et
258 514 315 550 uon
333 497 396 549 1111
406 498 508 562 fustra
528 495 694 546 voluntatem
713 510 813 562 oseam,
840 497 869 546 et
884 491 1002 562 proprio
1024 491 1103 544 Filio

211 601 261 636 111
282 601 338 634 uon
354 581 488 651 pepercit,
510 585 538 634 et
555 597 611 632 nou
628 579 699 631 sicut
715 596 764 645 epo
781 579 853 646 1111,
870 579 922 630 sed
932 579 1003 630 sicut
1015 585 1043 628 tu
1053 577 1103 632 cis.

150 693 188 741 10.
214 685 284 740 Item
304 685 338 738 de
358 684 474 751 eisdem,
499 682 635 753 quomodo
655 681 736 736 aliter
752 687 827 736 recte
846 681 964 751 intelligi
979 685 1103 750 possunt.

149 795 188 844 11.
215 787 288 851 Quid
306 786 342 839 sit
360 802 477 856 peccare
495 791 524 840 61
540 803 590 854 111
609 791 725 856 peccato
744 785 911 840 satisfacere.

150 898 188 948 12.
213 890 314 946 Utrum
324 888 383 942 sola
394 887 582 942 misericordis
594 887 654 942 sine
666 887 739 940 omni
757 888 892 942 solutione
905 890 1003 944 deceat
1014 889 1104 942 Deum

215 984 331 1050 peccata
349 979 494 1035 dimittere.

150 1093 189 1142 13.
215 1085 296 1150 Quod
308 1084 377 1138 nihil
389 1084 479 1138 minus
495 1083 530 1136 sit
550 1083 724 1139 tolerandum
742 1083 770 1136 in
789 1101 880 1138 rerum
899 1085 1002 1153 ordine,
1021 1103 1105 1156 quam

215 1179 247 1227 ut
267 1178 393 1227 creatura
417 1169 534 1226 creatori
556 1170 681 1224 debitum
703 1169 834 1224 honorem
857 1171 978 1239 auferat,
1006 1178 1035 1225 et
1050 1189 1105 1224 non

217 1261 306 1315 solvat
322 1259 395 1330 quod
415 1259 512 1313 aufert.

152 1373 192 1422 lt.
216 1364 376 1420 Cuiusmodi
395 1364 482 1418 honor
498 1361 552 1417 Dei
570 1361 607 1416 sit
620 1379 711 1432 poena
727 1362 877 1430 peccantis.

152 1459 190 1509 15.
215 1451 244 1508 si
262 1452 339 1506 Deus
357 1451 401 1504 vel
419 1451 456 1506 ad
470 1449 609 1504 modicum
626 1449 749 1518 patiatur
765 1448 896 1503 honorem
907 1466 988 1503 suum
1002 1448 1105 1503 violari.

152 1545 190 1594 16.
215 1537 297 1593 Ratio
317 1555 366 1591 cur
385 1554 513 1591 numerus
531 1536 692 1606 angelorum
711 1535 759 1606 qui
777 1535 943 1604 ceciderunt,
960 1538 1106 1592 restituen-

217 1625 269 1678 dus
285 1625 321 1678 sit
340 1624 373 1676 de
391 1622 554 1677 hominibus.

152 1737 191 1785 17.
217 1727 298 1793 Quod
316 1726 363 1780 alii
383 1725 475 1796 angeli
495 1741 545 1796 pro
563 1725 617 1780 illis
637 1725 818 1794 nonpossint
837 1726 951 1780 restitui.

153 1840 191 1890 18.
217 1833 319 1890 Utrum
344 1831 437 1902 plures
464 1829 550 1884 futuri
579 1829 634 1883 sint
661 1828 748 1883 sancti
774 1829 911 1899 homines,
943 1847 1027 1900 quem
1054 1830 1109 1884 sint

218 1919 283 1972 mali
296 1917 401 1988 angeli.

155 2011 193 2060 19.
220 2005 300 2068 Quod
338 2004 420 2058 homo
462 2019 517 2057 non
553 2002 641 2070 possit
677 2001 778 2056 salvari
810 2001 868 2056 sine
895 2003 1004 2070 peccati
1030 2002 1108 2055 satis·

219 2089 347 2144 factione.

152 2186 192 2234 20.
215 2177 297 2242 Quod
319 2175 472 2232 secundum
494 2191 651 2230 mensuram
674 2173 785 2245 peccati
806 2180 931 2246 oporteat
954 2190 1014 2230 esse
1031 2175 1109 2228 satis·

220 2265 377 2332 factionem,
394 2279 446 2317 nec
465 2277 524 2316 eam
543 2260 624 2315 homo
642 2278 692 2331 per
710 2261 847 2316 sefacere
864 2261 959 2332 possit.

152 2359 193 2407 21.
219 2349 323 2416 Quanti
339 2348 469 2420 ponderis
487 2347 523 2401 sit
540 2354 693 2418 peccatum.

153 2443 193 2494 22.
221 2431 310 2500 Quam
329 2433 523 2489 contumeliam
540 2433 606 2488 fecit
624 2434 705 2488 homo
724 2435 798 2503 Deo,
821 2451 884 2488 cum
904 2451 933 2488 se
952 2435 1077 2505 permisit
1094 2453 1111 2489 a

191 2539 193 2542 ·
222 2523 333 2578 diabolo
353 2521 435 2588 vinci,
453 2538 503 2592 111
521 2537 577 2592 qua
595 2521 753 2574 satisfacere
771 2538 827 2574 non
843 2527 943 2590 potest.

154 2615 194 2664 23.
220 2609 292 2673 Quid
311 2608 427 2663 abstulit
446 2607 506 2662 Deo
524 2623 586 2660 cum
611 2607 750 2676 peccavit,
776 2605 850 2676 quod
873 2606 989 2662 reddere
1007 2607 1111 2678 nequit.

153 2701 193 2750 21.
219 2693 299 2758 Quod
323 2694 455 2765 quamdiu
478 2694 558 2748 homo
579 2710 635 2746 non
654 2692 746 2747 reddit
762 2691 823 2748 Deo
842 2695 916 2765 quod
935 2693 1043 2761 debet‚'
1056 2711 1111 2746 uon

221 2780 308 2850 possit
327 2796 386 2834 esse
404 2780 501 2834 beatus
518 2797 569 2834 nec
590 2785 737 2833 excusetur
754 2778 922 2850 impotentia.

155 2873 195 2922 25.
220 2866 302 2931 Quod
321 2881 354 2919 ex
370 2865 534 2920 necessitate
551 2883 601 2935 per
619 2864 758 2919 Christum
776 2866 898 2921 salvetur
915 2866 1002 2920 homo.

606 3091 660 3144 11.

175 3233 197 3283 1.
224 3226 305 3291 Quod
326 3225 406 3279 homo
429 3241 446 3278 a
468 3223 529 3278 Deo
554 3223 645 3278 factus
668 3225 704 3278 sit
728 3225 830 3292 iustus,
854 3232 886 3279 ut
910 3225 971 3280 Deo
995 3225 1112 3281 fruendo

223 3313 321 3368 beatus
338 3316 417 3366 esset,

173 3405 197 3456 2.
225 3399 307 3464 Quod
324 3396 406 3451 homo
422 3411 478 3451 non
497 3399 655 3462 moreretur,
674 3395 698 3447 si
715 3410 771 3449 non
787 3402 936 3464 peccasset
