2640 3816
230 295 273 362 m
401 295 439 351 S.
455 293 625 354 eneam
640 289 949 352 enumeraremus

232 465 306 520 enim
325 465 385 520 vult
400 466 479 522 Deua
496 469 529 520 ut
545 465 633 535 pluat,
650 463 754 518 iustum
772 467 815 518 eet
833 468 865 516 ut
876 463 970 533 pluet3
988 469 1017 517 ee
1033 464 1057 516 ai
1072 463 1133 518 vuli

191 587 194 592 -
233 555 265 604 nt
293 549 393 622 uliqms
421 551 503 606 homo
534 549 689 619 occidutur,
722 550 824 604 iustum
853 555 896 604 eet
924 555 956 602 ιιι
983 546 1134 603 occidatur.

182 635 215 686 20
233 633 408 706 Quapropter
422 635 449 690 si
477 655 532 692 non
553 637 634 692 decet
650 636 741 691 Deum
764 636 870 708 aliquid
896 633 996 690 iniusto
1023 639 1073 688 eut
1093 633 1135 688 in·

170 731 171 736 ’
232 721 358 777 ordinatu
388 721 495 792 fecere,
524 737 580 776 nou
610 723 731 793 pertinet
752 722 788 775 ad
815 723 874 777 eius
898 723 1056 781 libertatem
1085 727 1136 776 eut

233 805 434 877 benignitatem
454 813 508 862 aut
528 808 713 876 voluntatem,
741 813 915 878 peccantem,
944 808 992 878 qni
1009 825 1065 862 non
1083 807 1136 860 sol-

183 893 213 944 21
233 891 274 946 vit
289 893 351 948 Deo
370 893 445 964 quod
461 891 582 958 abstulit,
601 892 766 962 impunitum
779 892 922 948 dimittere.
949 891 1018 946 Boe.
1036 891 1136 947 Omnia

233 977 300 1032 mihi
318 977 418 1047 aufers,
438 993 509 1050 quae
527 977 661 1048 putabam
677 976 729 1032 tibi
746 992 828 1048 posse
845 977 937 1033 obiici.
973 978 1043 1031 Am.
1062 977 1135 1033 Vide

233 1061 334 1130 adhuc,
352 1080 401 1117 cur
417 1065 509 1118 Deum
529 1079 585 1116 non
603 1063 700 1117 deeset
716 1064 767 1118 hoe
784 1063 895 1118 iacere?
930 1065 998 1118 Boe.
1034 1063 1137 1118 Liben-

234 1152 277 1202 ter
292 1149 420 1207 ausculto
438 1148 575 1221 quidquid
594 1147 674 1203 diois.

204 1353 215 1403 ¹
313 1337 381 1422 13.
429 1373 498 1426 Am.
532 1369 610 1426 Nihil
625 1368 715 1424 minus
739 1369 915 1426 tolerandum
935 1374 977 1424 est
996 1369 1026 1422 iu
1043 1385 1136 1426 rerum

236 1452 345 1523 ordine,
375 1471 458 1524 quem
489 1461 521 1508 ut
551 1460 678 1532 creature
707 1453 825 1507 creatori
854 1453 978 1509 debitum
1008 1454 1139 1510 honorem

235 1531 356 1606 auferat,
384 1545 412 1594 et
437 1557 492 1596 non
518 1539 607 1595 solvat
632 1538 707 1610 quod
737 1537 834 1593 aufert.
881 1543 946 1595 Boe.
981 1540 1043 1596 Hoc
1069 1540 1140 1596 nihil

203 1626 218 1675 2
236 1621 345 1678 clarius.
380 1619 450 1678 Aoo.
469 1625 546 1681 Nihil
565 1631 658 1679 autem
677 1623 804 1680 iniustius
821 1625 962 1692 toleratur,
982 1643 1065 1698 quam
1084 1644 1139 1698 que

236 1707 306 1764 nihil
329 1709 420 1766 minus
445 1718 487 1767 est
513 1709 695 1766 tolerandum
730 1711 798 1765 Boe.
826 1710 923 1782 Neque
949 1711 1002 1766 hoc
1026 1718 1069 1766 est
1091 1713 1140 1767 ob·

203 1799 220 1850 3
239 1812 357 1850 rourum.
393 1797 462 1854 Ana.
494 1797 567 1852 Puto
585 1813 660 1868 ergo,
677 1795 743 1868 quia
763 1813 818 1850 nou
837 1797 911 1852 dices
930 1795 1022 1850 Deum
1040 1797 1141 1856 debere

237 1881 367 1951 tolerare,
404 1899 459 1954 quo
488 1881 558 1937 nihil
587 1881 717 1936 iniustius
747 1881 894 1952 toleratur,
924 1887 956 1935 ut
984 1884 1139 1952 creatura1)

187 1992 191 1998 ·
237 1959 293 2022 non
320 1967 420 2022 reddet
444 1966 506 2024 Deo
534 1965 608 2037 quod
636 1965 734 2020 aufert.
775 1967 843 2019 Boe.
877 1965 937 2020 Imo
960 1967 1069 2037 penitus
1094 1983 1141 2020 ne·

195 2051 221 2100 ·4
238 2051 362 2122 gendum
380 2068 439 2106 esse
456 2053 544 2108 video.
580 2053 649 2104 Aac.
684 2048 755 2104 Item
780 2050 804 2104 si
820 2051 882 2105 Deo
899 2047 968 2104 nihil
986 2051 1074 2108 maius
1092 2057 1142 2106 aut

239 2135 337 2192 melius
356 2142 412 2206 est3
438 2137 508 2192 nihil
526 2136 634 2204 iustius,
654 2149 737 2204 quam
755 2151 826 2206 quae
845 2135 976 2190 honorem
993 2137 1068 2192 iilius
1087 2155 1142 2206 ser·

240 2227 288 2276 vet
306 2221 335 2276 in
352 2240 443 2277 rerum
462 2221 657 2294 dispositione,
675 2237 781 2274 summa
798 2221 917 2289 iustitia,
938 2238 1008 2292 quae
1026 2239 1082 2276 non
1100 2229 1143 2290 est

240 2301 317 2364 aliud
343 2325 427 2380 quam
453 2309 514 2378 ipse
535 2306 622 2360 Deus.
657 2307 725 2359 Boe.
760 2301 822 2359 Hoc
846 2321 955 2376 quoque
975 2307 1046 2362 nihil
1064 2327 1143 2380 aper·

192 2395 221 2444 :o
238 2395 302 2450 tius.
358 2395 426 2448 Ana.
467 2391 544 2466 Nihil
578 2408 644 2462 ergo
680 2396 772 2444 servat
807 2389 884 2444 Deus
923 2391 1022 2448 iustius
1058 2411 1142 2466 quam

238 2475 305 2536 suae
328 2477 473 2552 dignitatis
495 2476 635 2532 honorem.
669 2478 737 2529 Boe.
774 2475 931 2532 Coneedere
956 2495 1000 2532 me
1026 2483 1141 2550 oportet.

206 2565 308 2620 tAoa.
343 2565 462 2620 Videtur
478 2562 539 2631 tibi,
564 2560 639 2630 quod
657 2577 720 2615 eum
740 2562 847 2634 integre
869 2568 972 2630 servet,
998 2561 1020 2618 si
1037 2563 1077 2618 sic
1095 2579 1142 2616 au·

240 2649 307 2704 ferri
332 2650 385 2704 sibi
412 2647 561 2720 permittit,
588 2652 620 2701 ut
643 2663 694 2700 nec
721 2647 843 2702 solvatur
865 2665 917 2704 nec
940 2647 1001 2718 ipse
1018 2647 1143 2703 auferen-

207 2737 296 2788 ttem
319 2734 437 2806 puniat?
478 2737 545 2788 Boe.
580 2731 644 2789 Non
669 2731 759 2786 audeo
782 2732 880 2788 dicere.
916 2735 987 2792 Aee.
1021 2733 1143 2788 Necesse

241 2823 283 2872 est
314 2834 393 2890 ergo,
430 2823 462 2874 ut
487 2825 546 2916 Q
570 2818 680 2873 ablatus
710 2816 797 2872 honor
825 2817 948 2872 solvatur
976 2824 1025 2872 aut
1052 2833 1143 2888 poene

242 2907 388 2973 sequatur3
426 2905 550 2974 alioquin
588 2909 637 2959 aut
669 2903 722 2959 sibi
757 2901 811 2972 ipsi
845 2902 923 2958 Deus
958 2889 1048 2958 iustus
1087 2919 1144 2956 non

189 3021 211 3036 ι.
240 2987 295 3058 erit
323 2992 372 3058 aut
401 2989 438 3042 ad
464 2995 611 3060 utrumque
639 2988 773 3062 impotens
801 2989 869 3044 erit:
900 2987 974 3058 quod
997 2985 1075 3040 nefas
1101 2990 1144 3040 est

240 3072 284 3128 vel
312 3072 443 3143 cogitare.
492 3077 557 3128 Boe.
593 3074 669 3130 Nihil
698 3073 891 3130 rationabilius
918 3071 973 3126 dici
997 3087 1079 3140 posse
1102 3070 1144 3125 in-

240 3158 345 3230 telligo.

313 3367 340 3432 1)
363 3373 393 3418 ut
410 3365 487 3436 quod
504 3359 651 3433 mentera]
678 3361 706 3416 A
717 3361 787 3416 abe
804 3359 903 3415 Bel)
923 3361 1011 3416 omitt.
1029 3357 1145 3431 ,‚qnod.“

987 3625 1007 3666 Χ
