2640 3816
347 329 426 390 eun
443 329 545 418 neus
564 331 682 391 eone.
718 334 741 390 1.
761 339 801 422 ιι.
820 339 859 390 ιι.
1012 335 1053 401 21

150 503 287 575 apertius,
309 501 388 574 priua
411 503 568 574 rideamne,
588 503 657 578 quid
680 503 717 558 ait
738 519 857 575 peecare
874 511 904 559 et
920 503 988 575 quid
1004 521 1055 574 pro

149 594 265 660 peceato
283 588 461 646 sternuere
483 594 550 648 Ber.
569 589 661 649 'turm
682 597 724 646 est
738 591 900 659 estendere,
918 597 946 645 et
959 603 1055 644 meum

150 674 300 733 intendere.
335 677 405 731 Aee.
439 675 469 733 Si
493 678 610 750 angelus
637 676 770 733 ethome
794 693 902 746 semper
926 676 1088 732 redderem

149 759 212 818 Deo
230 763 305 833 quod
323 761 414 827 debet,
433 779 576 834 nunquam
592 767 729 833 peccaret.
765 765 835 817 Boe.
857 763 972 833 Nequeo
991 776 1054 816 een·

148 847 293 904 tradieere.
337 851 406 902 Aur.
439 849 503 904 Non
528 854 571 903 ert
596 849 692 919 itaque
715 849 792 903 aliud
816 864 947 920 peecare,
972 848 1088 918 quem3

149 933 211 988 Dee
231 949 294 988 non
317 933 433 988 reddere
463 934 595 989 debitum.
630 935 698 988 Boe.
735 934 809 999 Quid
833 939 877 990 eet
896 931 1022 988 debitum
1034 933 1056 998 ¹)

149 1019 226 1089 quod
251 1019 314 1074 Deo
339 1018 498 1074 debemus?
528 1019 598 1077 Aue.
635 1019 732 1074 Omnis
757 1020 885 1078 voluntte
910 1016 1089 1073 rationeiiei

148 1108 293 1159 ereatume
310 1103 438 1159 subiecta
454 1104 538 1160 debet
555 1121 616 1160 ease
634 1103 770 1160 voluntati
788 1103 849 1161 Dei.
885 1104 954 1159 Boe.
978 1099 1055 1159 Nihil

148 1189 249 1244 verius.
284 1189 352 1244 Aue.
383 1184 446 1243 Hae
469 1197 511 1244 est
535 1189 660 1244 debitum
685 1191 760 1262 quod
784 1190 869 1245 debet
893 1190 1009 1259 angelus
1028 1195 1088 1247 ete

149 1274 231 1331 hemo
250 1274 320 1343 Dee,
338 1274 413 1348 quod
431 1275 562 1330 eoivendo
579 1274 673 1330 nullus
691 1283 804 1347 peceat,
828 1281 857 1330 et
874 1275 950 1348 qued
966 1273 1065 1330 emnia

150 1359 199 1430 qui
216 1374 272 1414 non
290 1359 386 1430 solvit,
412 1367 518 1431 peceat.
553 1359 632 1416 Haee
656 1367 698 1416 est
714 1355 823 1415 iustitie
842 1362 901 1418 aire
917 1357 1055 1416 rectitudo

149 1444 312 1514 voluntatis,
345 1458 417 1516 quae
441 1445 529 1500 inetur
556 1445 627 1500 feeit
655 1446 714 1502 eive
744 1453 833 1509 reeter
864 1447 963 1512 eorde,
987 1444 1004 1498 i.
1021 1458 1054 1497 >a

151 1529 308 1598 voiuntate;
333 1529 378 1585 hie
401 1537 443 1588 est
466 1532 540 1586 solue
564 1533 592 1586 et
617 1537 693 1587 totus
717 1533 804 1588 honor
822 1549 904 1605 quem
923 1529 1055 1586 debemus

150 1614 224 1684 Deo,
247 1623 275 1671 et
298 1633 380 1687 quem
403 1633 422 1671 a
442 1618 523 1673 nobie
546 1617 633 1688 exigit
647 1616 732 1673 Deus.
768 1619 834 1675 Sola
853 1631 975 1688 namque
989 1611 1089 1672 talisi

149 1699 278 1755 voluntas
294 1733 296 1742 ι
313 1719 399 1772 opere
425 1703 495 1758 feeit
531 1703 635 1774 plaeita
666 1701 744 1772 Deo,
776 1718 840 1757 eum
870 1709 962 1775 potest
991 1715 1056 1771 enei

127 1783 224 1856 'rari3
255 1793 284 1842 et
312 1801 375 1840 eum
403 1805 460 1842 non
489 1793 595 1859 potest,
623 1790 686 1860 ipra
717 1789 777 1844 sole
807 1801 858 1860 per
893 1805 923 1844 ae
954 1788 1056 1858 planet,

152 1873 218 1944 quia
246 1871 354 1926 nullum
383 1889 453 1943 opus
491 1874 551 1930 eine
580 1874 630 1929 illa
661 1875 760 1945 placet.
811 1873 895 1931 Hune
926 1874 1057 1932 hermem

152 1958 277 2014 debitum
321 1957 369 2028 qui
407 1959 468 2014 Deo
511 1977 568 2014 non
608 1959 716 2030 reddit,
757 1959 850 2026 aufert
885 1961 947 2018 Deo
983 1957 1058 2029 qnod

152 2060 233 2098 auum
263 2048 321 2112 ert,
350 2051 379 2100 et
406 2045 498 2100 Deum
529 2045 694 2114 exhonerat3
726 2050 755 2101 et
784 2045 837 2100 hoe
851 2049 907 2101 ert
932 2056 1058 2115 poenam.

151 2129 291 2192 Quamdiu
309 2137 402 2184 autem
419 2148 474 2186 non
493 2131 576 2186 solvit
594 2131 668 2202 quod
685 2131 787 2202 rapuit,
804 2136 898 2186 manet
916 2130 945 2184 in
958 2126 1090 2200 culpati

150 2231 203 2270 nee
227 2213 332 2270 sufficit
355 2216 526 2271 solummodo
550 2217 666 2273 reddere
685 2217 761 2288 quod
779 2217 904 2272 abietum
923 2224 982 2287 ert,
1008 2218 1057 2272 red

150 2315 204 2372 pre
220 2301 387 2356 contumelia
405 2301 484 2355 illata
501 2301 564 2372 plue
585 2302 668 2358 debet
686 2302 812 2372 reddere,
830 2319 914 2373 quam
932 2300 1055 2361 abstulit.

153 2384 232 2442 sieut
255 2385 329 2438 enim
351 2387 400 2456 qui
421 2387 509 2442 laedit
533 2387 652 2441 sulutem
676 2387 804 2456 alteriue,
829 2407 886 2444 non
911 2387 1015 2444 sufficit
1033 2387 1089 2442 rii

152 2469 271 2525 salutem
293 2471 426 2541 restituit,
450 2472 505 2527 niei
527 2489 578 2543 pro
602 2471 682 2528 illata
707 2473 810 2528 doloris
831 2473 935 2529 iniuria
953 2489 1057 2530 reeom-

152 2561 251 2628 penset
268 2555 389 2626 aliquid,
406 2556 446 2610 ita
465 2557 513 2628 qui
530 2557 660 2614 honorem
678 2559 795 2614 alieuius
812 2559 909 2624 violat,
928 2575 985 2614 non
1000 2559 1058 2615 auf·

152 2640 211 2695 iieit
231 2639 364 2694 honorem
387 2641 515 2712 reddere,
545 2643 568 2696 ei
590 2659 646 2697 nen
668 2646 820 2700 seeundum
837 2645 1060 2701 exhonoratione

152 2725 267 2780 ineram¹
280 2724 436 2780 molestiam
456 2725 580 2797 eliquid,
604 2729 679 2799 quod
703 2730 796 2801 placet
813 2730 855 2785 iili
873 2744 954 2802 quem
976 2730 1060 2786 exho-

152 2811 276 2880 neravit,
294 2811 428 2865 restituat
462 2809 524 2866 Hoc
542 2827 652 2884 quoque
670 2815 880 2884 attendendum,
900 2813 975 2886 quod
993 2815 1090 2869 eume

153 2896 254 2968 aliquis
269 2896 344 2968 quod
362 2895 463 2951 iniuste
480 2898 603 2967 abstulit,
622 2899 711 2968 solvit,
731 2899 782 2954 hoe
801 2899 888 2956 debet
903 2901 971 2956 dare
982 2899 1058 2971 quet

153 2983 189 3037 eb
207 2981 255 3036 illo
271 2996 328 3036 non
349 2987 445 3053 poeset
462 2983 551 3054 exigi,
575 2984 599 3038 ei
617 2986 737 3041 alienum
756 3003 812 3040 non
830 2985 975 3056 rapuisset
1010 2984 1057 3041 sie
1076 2985 1108 3037 1⁰

152 3081 218 3138 ergo
251 3068 336 3124 debet
363 3067 451 3122 omnia
478 3069 526 3138 qui
553 3077 668 3139 peceat,
695 3071 826 3126 honorem
855 3085 937 3142 quem
963 3070 1059 3141 rapuit

152 3151 230 3217 Deo,
250 3155 374 3222 solvere,
400 3160 429 3210 et
446 3153 515 3209 haee
534 3162 576 3209 eet
593 3155 759 3226 satisfacti),
786 3169 869 3228 quam
887 3157 978 3211 omnir
994 3169 1059 3227 pee-

152 3239 231 3293 tater
248 3239 333 3295 debet
349 3241 410 3296 Deo
426 3239 527 3296 iacere.
562 3241 630 3296 Bou
666 3237 701 3295 In
714 3241 758 3297 hi·
774 3243 916 3311 omnibus,
928 3241 1059 3314 quoniam
1078 3243 1107 3294 11

152 3337 245 3357 *nun—*b

119 3445 123 3454 ,
224 3395 643 3461 lispwdeetdebitamliii.
