2640 3816
220 265 262 332 82
398 261 427 318 ε.
444 259 614 320 nussum
631 258 938 318 cenweumusrs

219 449 286 489 veru
301 431 356 488 fuit
372 432 441 488 fides
460 432 533 502 eius,
549 447 664 488 necesse
681 437 741 488 erat
757 432 799 487 ite
814 431 940 488 futurum
956 447 1031 502 esse,
1048 431 1124 486 sicut

220 518 345 574 credidit
382 517 463 583 Quod
488 518 511 572 si
534 523 564 572 ιε
586 517 686 572 iterum
709 517 869 588 perturbet,
893 517 959 588 qnia
976 516 1051 586 dico,
1075 533 1124 573 ne·

220 620 298 660 cesse
325 609 398 674 erat;
427 609 578 671 memento,
608 603 675 674 quia
699 602 801 658 veritas
830 601 897 658 fidei
919 601 1044 674 Virginis
1066 618 1123 658 non

220 687 275 744 fuit
292 704 377 746 causa
395 693 428 742 ιιι
450 688 498 744 ille
522 693 619 761 sponte
635 693 800 758 moreretur,
825 687 875 744 sed
894 689 961 759 quia
978 687 1031 744 hoc
1047 686 1123 743 futu-

169 770 201 822 ²1
219 791 281 829 rum
299 779 372 842 erat,
394 790 461 830 vera
485 772 539 828 fuit
562 772 640 828 tides.
676 771 862 838 Quamobrem
886 773 912 826 si
934 772 1051 842 dieitur,
1076 788 1124 827 ne·

219 875 297 916 cesse
321 864 382 914 erat
404 864 437 913 ut
455 858 599 914 voluntate
625 858 685 913 sola
705 865 869 926 moreretur,
895 857 962 929 quia
982 874 1048 913 vera
1069 856 1124 912 fuit

219 943 288 1000 fides
306 944 365 998 sive
383 943 530 1016 prophetia
547 960 618 1016 quae
635 943 669 999 de
686 942 739 999 hoc
757 949 980 1014 praecesserant,
1004 960 1061 998 non
1080 945 1124 999 est

220 1028 298 1083 aliud
322 1029 453 1100 quamsi
478 1029 568 1100 dieas,
600 1045 713 1084 necesse
740 1027 827 1084 fuisse
849 1028 890 1084 ite
911 1028 1036 1084 futurum
1053 1044 1124 1096 esse,

221 1113 351 1185 quoniam
369 1115 409 1170 sio
436 1115 561 1172 futurum
585 1121 658 1184 erat3
680 1113 839 1170 huiusmodi
862 1121 956 1171 autem
972 1113 1123 1170 necessitas

219 1216 275 1254 non
295 1200 372 1272 cogit
389 1217 447 1256 rem
466 1218 536 1271 esse,
557 1200 608 1257 scd
626 1211 686 1256 esso
702 1200 742 1256 rei
758 1199 828 1256 iacit
846 1200 1038 1256 necessitatem
1054 1215 1122 1255 esse.

168 1277 202 1330 2²
218 1283 270 1339 Est
293 1303 414 1357 namque
437 1287 587 1342 necessitas
613 1285 795 1358 praecedens,
820 1287 893 1357 quae
918 1301 1004 1340 causa
1026 1290 1069 1341 est
1091 1289 1125 1339 ut

220 1368 257 1423 sit
274 1385 335 1439 res;
353 1377 381 1426 et
398 1376 441 1425 est
459 1369 610 1425 necessitas
630 1387 756 1441 sequens,
776 1388 861 1442 quem
878 1389 922 1427 res
935 1369 1009 1425 iacit
1038 1369 1123 1425 Prae·

219 1451 321 1508 cedens
344 1461 373 1509 et
397 1453 519 1510 efficiens
542 1453 693 1510 necessitas
721 1461 775 1526 est,
801 1474 865 1512 cum
889 1457 991 1512 dieitur
1015 1455 1124 1511 eoelum

218 1536 309 1607 volvi,
338 1538 405 1610 quia
430 1555 542 1597 necesse
570 1545 613 1596 εει
637 1546 670 1594 ut
695 1540 830 1598 volvatur.
867 1542 990 1616 Sequens
1011 1557 1076 1598 vero
1095 1546 1124 1596 et

219 1639 291 1696 quae
309 1623 379 1680 nihil
399 1623 487 1681 efficit
505 1625 555 1681 sed
571 1624 611 1695 fit,
627 1630 682 1696 est,
699 1643 763 1682 cum
780 1627 843 1683 dico
860 1633 889 1683 te
906 1645 940 1683 ex
958 1625 1123 1683 necessitate

168 1702 202 1755 23
219 1708 308 1780 loqui,
340 1710 406 1780 quia
431 1711 560 1784 loqueris.
606 1709 678 1766 Cum
710 1711 784 1767 enim
810 1712 863 1768 hoc
889 1714 965 1783 dico,
981 1711 1124 1787 'significo

218 1795 288 1850 nihil
312 1795 406 1852 fecere
431 1812 525 1868 posse,
550 1801 583 1850 ut
607 1795 674 1850 dum
694 1794 815 1867 loqueris
833 1814 889 1853 non
906 1797 1040 1870 loqueris,
1065 1814 1123 1852 non

219 1880 294 1952 quod
311 1880 383 1936 alius
401 1886 431 1936 te
453 1888 537 1954 coget
560 1880 596 1936 ad
618 1881 795 1953 loquendum.
833 1881 906 1938 Nam
925 1883 1058 1940 violentia
1073 1899 1122 1937 na·

131 1980 135 1985 ’
217 1964 315 2020 turalis
335 1967 501 2022 conditionis
519 1967 595 2039 cogit
613 1968 722 2022 coelum
738 1966 827 2036 volvi;
851 1973 881 2022 ιε
898 1968 1057 2024 veronulla
1073 1984 1122 2022 ne-

167 2043 202 2096 24
219 2049 332 2105 cessitas
351 2051 421 2106 iacit
440 2049 525 2122 loqui.
561 2050 617 2106 Sed
641 2051 800 2122 ubicunque
825 2059 867 2108 est
889 2054 1057 2124 praecedens
1074 2069 1121 2109 ne·

218 2133 348 2202 cessitas,
374 2142 417 2190 est
446 2141 474 2192 et
499 2152 630 2206 sequena;
658 2152 714 2190 non
740 2141 833 2192 autem
863 2137 912 2194 nbi
939 2143 1057 2210 sequens
1081 2137 1122 2192 ibi

218 2216 313 2272 statim
331 2223 359 2272 et
374 2217 550 2290 praecedens.
580 2218 731 2274 Possumus
751 2237 871 2294 nemque
890 2223 989 2294 dicere,
1008 2239 1122 2280 necesse

219 2307 262 2357 εει
285 2301 393 2356 coelum
417 2303 504 2374 volvi,
532 2303 598 2375 quia
619 2305 753 2378 volvitur3
779 2308 828 2364 sed
853 2326 909 2364 non
931 2309 1055 2365 similiter
1079 2315 1122 2366 est

217 2403 322 2457 verum,
345 2387 449 2445 idcirco
472 2395 500 2444 tc
523 2389 612 2462 loqui,
639 2393 706 2461 quie
730 2410 843 2450 necesse
868 2401 966 2449 estut
992 2393 1122 2466 loquaris.

166 2463 200 2514 25
218 2472 279 2529 Ista
305 2490 423 2547 sequena
448 2475 598 2530 necessitas
624 2476 712 2531 cunii
732 2496 784 2549 per
805 2479 898 2534 omnia
919 2487 1044 2552 tempora
1066 2479 1121 2534 hoc

220 2559 318 2615 modo:
343 2558 486 2632 Quidquid
503 2561 566 2632 fuit,
591 2578 705 2618 necesse
723 2568 765 2617 est
782 2563 877 2619 fuisse.
911 2563 1053 2637 Quidquid
1070 2569 1120 2634 est,

218 2661 332 2700 necesse
357 2651 401 2700 est
426 2664 493 2702 esse.
539 2647 683 2719 Quidquid
710 2648 835 2704 futuuum
860 2656 915 2719 est,
940 2667 1052 2706 necesse
1078 2654 1121 2705 est

167 2728 202 2780 26
219 2728 343 2784 futurum
372 2731 465 2787 fuisse.
508 2731 588 2787 Haec
616 2739 659 2788 est
688 2733 738 2788 illa
765 2735 928 2806 necessitas,
959 2753 1030 2807 quae
1060 2735 1120 2803 (ubi

220 2819 323 2869 tractat
343 2817 534 2885 Aristoteles1)
561 2817 596 2873 de
621 2820 856 2890 propositionibus
880 2821 1067 2893 singularibus
1091 2826 1120 2876 ει

220 2897 332 2966 futuris)
357 2900 467 2956 videtur
489 2901 652 2958 utrumlibet
678 2904 818 2962 destruere
843 2913 870 2963 et
883 2898 984 2964 'omnia
1002 2923 1061 2963 esse
1085 2924 1119 2962 ex

277 3106 314 3174 ⁴.1)
344 3093 509 3161 Aristotelea
538 3110 602 3179 napi
634 3107 780 3182 ἑρμηνείας
805 3126 830 3163 c.
857 3115 890 3166 9:
924 3108 1026 3197 „ovidio
1055 3108 1119 3164 οὔτε

217 3172 293 3229 ἔστιν
310 3172 374 3229 οὔτε
399 3179 505 3246 γίνεται
530 3173 593 3230 οὔτε
615 3175 671 3232 ἀπὸ
694 3173 776 3247 τύχης
797 3177 860 3234 οὔθ’
883 3178 992 3252 dnotep'
1015 3180 1120 3250 ἔτυχεν,

218 3241 286 3298 οὐδὲ
309 3245 386 3299 ἔσται
406 3243 425 3312 ἢ
444 3243 495 3298 οὐκ
518 3245 607 3312 ἔσται,
632 3245 693 3301 ἀλλ’
711 3248 745 3308 ἐξ
765 3246 918 3319 ἀνάγκης
938 3246 1049 3304 ἅπαντα
1071 3251 1119 3303 καὶ

215 3310 269 3383 οὐχ
285 3311 394 3389 ὁπότερ’
412 3313 534 3385 ἔτυχεν.“
1087 3328 1091 3338 ’
